1701 3008
284 213 376 261 218
451 213 543 260 JO.
579 208 1072 258 FREINSHEMII
1107 208 1468 256 SUPPLEM,¹

335 319 406 361 III.
435 320 551 359 Navis
578 325 657 356 erat
677 325 751 354 una
783 314 1067 365 quinqueremis
1082 345 1094 363 ‚
1122 328 1235 365 quam
1258 315 1438 355 Claudius
1453 346 1465 365 ‚
1485 314 1571 365 quw

284 390 458 432 tempore
489 379 577 418 freti
613 378 808 417 tranfitum
842 376 1124 425 meditabatur,
1154 372 1338 427 cupidine
1364 376 1570 428 pugnandi

282 445 442 497 propius
465 443 514 482 ad
539 441 628 480 litus
653 440 860 492 perlatam,
875 438 1050 490 locisque
1068 440 1214 479 vadosis
1237 442 1272 479 ἃ
1293 439 1470 506 brevibus
1491 440 1565 477 im-

282 507 454 558 peditam
477 506 639 556 pedestri
668 517 783 544 manu
808 510 985 554 ceperat:
1016 502 1131 550 hujus
1154 502 1202 541 ad
1229 482 1450 551 exemplum
1475 497 1566 537 clas-

282 570 361 609 sem
379 568 607 609 exaedificari
632 567 804 606 consules
823 567 984 616 wilere,
999 567 1184 615 tantoque
1204 564 1326 603 studio
1349 563 1568 602 institerunt

284 630 415 681 operi,
438 637 480 668 ut
502 629 776 680 sexageslmum
792 629 890 667 intra
915 628 1016 667 diem
1030 660 1041 676 ,
1058 640 1172 677 quam
1196 625 1289 665 caesa
1307 625 1464 664 materia
1484 623 1568 662 fue-

283 699 367 739 rat,
406 691 528 731 claffis
565 700 719 730 centum
759 690 954 741 sexaginta
987 689 1143 729 navium
1174 688 1214 727 in
1255 688 1404 727 ancoris
1440 686 1564 725 staret.

284 754 361 795 Sed
387 766 458 792 nec
488 753 642 804 ingenio
670 753 816 793 minore
842 764 959 802 quarn
989 751 1169 803 indu-stria
1199 749 1371 789 consules
1400 747 1569 800 expedi-

282 816 430 855 tionem
457 816 564 854 istam
592 822 838 853 maturarunt.
882 825 971 852 cum
1003 815 1107 853 enim
1133 826 1255 863 neque
1288 813 1483 863 imperitos
1511 823 1576 850 rea.

284 881 407 928 miges
433 879 473 918 in
502 878 627 929 proelii
654 879 856 918 discrimen
888 877 1079 916 adducere
1109 877 1327 917 consultum
1354 882 1532 927 putarent
1552 889 1572 924 ς,

287 954 413 990 neque
443 941 663 980 exercendis
688 940 731 979 iis
757 948 908 990 tempus
932 952 1055 978 rerum
1091 940 1342 989 gerendarum
1373 939 1568 977 coarctare

285 1001 452 1050 vellent3
487 1003 698 1041 commenti
729 1001 816 1040 sunt
840 1014 919 1040 rem
944 1001 999 1040 uti
1031 1001 1154 1051 prima
1179 1000 1305 1051 specie
1338 992 1536 1038 ridiculam
1553 1028 1568 1046 ‚

288 1065 341 1104 ita
358 1063 424 1102 usu
443 1071 658 1114 eventuque
676 1062 822 1114 prolixe
837 1062 1187 1102 commendabilem
1205 1077 1212 1102 :
1232 1071 1272 1100 ut
1293 1062 1457 1106 interea,
1473 1061 1568 1101 dum

287 1137 401 1164 naves
425 1125 749 1176 compinguntur,
771 1124 890 1163 futuri
917 1125 1078 1175 remiges
1105 1124 1143 1162 in
1172 1124 1281 1162 litore
1310 1121 1484 1161 sedentes
1511 1121 1570 1160 of·-

289 1186 376 1225 ficia
396 1186 461 1225 sua
486 1187 726 1226 docerentur.
751 1184 890 1225 Iisdem
923 1186 1025 1224 enim
1045 1185 1242 1224 ordinibus
1266 1184 1456 1235 dispositi,
1473 1196 1568 1234 quos

288 1248 327 1286 in
363 1248 449 1298 ipsis
485 1248 646 1288 navibus
678 1247 855 1287 servaturi
885 1259 976 1285 mox
1000 1254 1131 1296 erant,
1155 1245 1347 1284 hortatore
1373 1246 1412 1283 in
1442 1245 1585 1284 media

290 1309 401 1348 turba
425 1310 646 1359 collocato,
678 1310 727 1349 ad
762 1308 862 1347 illius
889 1321 1027 1348 vocem
1057 1311 1092 1348 &
1119 1316 1333 1359 praecepta,
1360 1303 1514 1345 modste
1532 1309 1569 1346 ὃς

289 1371 488 1421 impellere
515 1385 640 1411 remos
656 1402 666 1420 ,
691 1372 905 1421 iterumque
932 1369 1150 1421 quiescere,
1172 1369 1275 1409 haud
1295 1369 1401 1410 aliter
1416 1399 1427 1417 ,
1452 1381 1568 1418 quam

286 1433 510 1483 navigantes
538 1433 682 1481 solent,
718 1432 963 1482 jubebantur.
1013 1433 1098 1472 Hac
1134 1431 1354 1481 imaginaria
1387 1431 1569 1483 exercita-

286 1494 390 1533 tione
413 1503 559 1535 tantum
586 1496 806 1546 profectum
832 1495 884 1534 est
900 1526 910 1543 ‚
945 1503 984 1534 ut
1009 1494 1207 1545 postquam
1232 1494 1370 1545 paratis
1394 1496 1473 1543 jam
1502 1507 1569 1531 na-

285 1556 396 1596 vibus
430 1571 573 1608 paucos
602 1558 682 1597 dies
714 1558 754 1596 in
781 1557 862 1608 ipso
898 1570 1014 1607 opere
1040 1556 1262 1595 industriam
1290 1555 1396 1594 suam
1430 1555 1568 1605 proba-

287 1621 443 1669 vi-ffent‚
470 1624 548 1671 jam
572 1621 766 1660 confidere
790 1621 876 1670 ipsis
907 1620 1090 1660 auderent
1110 1618 1306 1667 consules,
1330 1617 1511 1668 suamque
1532 1619 1569 1658 δε

289 1684 489 1735 legionum
518 1684 677 1724 salutem
702 1683 868 1724 credere.

342 1746 403 1786 IV.
443 1747 658 1786 Provincias
691 1745 829 1785 deinde
862 1758 950 1784 cum
982 1744 1228 1791 sortirentur,
1258 1744 1299 1784 C.
1328 1743 1459 1783 Duilio
1487 1750 1571 1782 ter-

290 1810 400 1851 restre
429 1812 468 1849 in
498 1810 624 1850 Sicilia
652 1808 822 1857 bellum,
855 1809 923 1848 Cn.
956 1807 1133 1848 Cornelio
1161 1807 1281 1847 claffis
1312 1807 1450 1847 evenit.
1491 1805 1571 1856 Qui

292 1871 459 1911 assumtis
494 1871 653 1910 navibus
685 1870 959 1921 septemdecim
991 1870 1200 1911 Messanam
1230 1869 1464 1920 progressus,
1494 1880 1576 1918 quo¹

291 1935 333 1974 in
358 1934 565 1973 adventum
593 1933 712 1973 claffis
729 1965 741 1980 ‚
772 1946 885 1983 quam
908 1932 1034 1982 sequi,
1065 1940 1107 1971 ut
1133 1932 1299 1983 primum
1324 1931 1467 1982 posset,
1498 1929 1570 1979 just

292 1996 413 2043 serat,
442 1994 642 2034 necessaria
667 2001 918 2045 praepararet3
944 1993 1159 2043 priusquam
1184 1993 1231 2031 ad
1259 1993 1397 2030 fretum
1421 1990 1485 2030 illa
1511 2002 1572 2028 ac-

293 2058 469 2104 cederet,
494 2057 532 2096 in
549 2069 684 2096 manus
705 2056 866 2095 hostium
890 2055 1035 2094 incidit.
1072 2055 1228 2095 Factum
1251 2053 1289 2092 id
1312 2052 1454 2092 Boodis
1477 2051 1573 2090 astu..

293 2122 367 2167 tia,
396 2133 510 2170 quem
536 2118 734 2160 Hannibal
756 2120 906 2158 Punicae
935 2116 1055 2157 claffis
1083 2118 1290 2167 imperator
1312 2115 1481 2165 legatum
1505 2113 1572 2152 ha-

292 2181 435 2229 bebat,
454 2184 490 2222 &
519 2181 745 2221 credulitate
769 2180 933 2219 consulis
948 2211 959 2228 ‚
983 2180 1046 2229 qui
1069 2177 1246 2227 Liparaeis
1272 2173 1499 2225 quibusdam
1520 2172 1578 2212 ab„

294 2242 400 2281 hoste
425 2242 636 2281 subornatis
666 2244 781 2282 fidem
805 2241 972 2289 habens,
995 2237 1139 2291 Liparae
1164 2237 1266 2276 urbis
1291 2248 1357 2285 per
1383 2234 1573 2285 proditio-

292 2313 381 2339 nem
412 2303 647 2351 occupandae
678 2301 779 2351 spem
804 2309 947 2339 temere
970 2306 1215 2348 conceperat.
1256 2295 1312 2335 lbi
1335 2294 1575 2333 circumven-

294 2371 354 2400 tus
370 2376 390 2401 a
407 2362 557 2401 Punicis
576 2362 734 2401 navibus
748 2392 758 2410 ‚
786 2362 981 2401 conserere
1003 2369 1134 2399 tamen
1155 2370 1289 2396 manus
1305 2387 1316 2402 ,
1334 2358 1368 2395 Sc
1392 2367 1573 2406 pugnan-

295 2426 346 2464 do
376 2425 537 2465 salutem
569 2438 731 2474 quaerere
762 2424 979 2474 cogitabat:
1005 2421 1071 2460 nisi
1106 2421 1255 2460 Boodes
1292 2417 1406 2458 altera
1438 2416 1572 2456 fraude

341 2540 364 2586 §
385 2541 441 2575 111.
458 2541 555 2574 Aust.
574 2541 616 2575 de
632 2541 706 2575 Vir.
726 2540 774 2574 ill.
798 2551 827 2572 c.
851 2549 903 2583 37.
926 2538 1012 2573 Plin.
1038 2537 1076 2570 16
1091 2563 1099 2579 ‚
1123 2547 1174 2580 39.
1196 2536 1313 2581 Polyb.
1339 2546 1350 2567 1
1369 2560 1378 2575 ,
1403 2544 1456 2566 zi.
