1701 3008
199 224 767 275 HISTORIARUM
801 226 933 274 Lm.
968 227 1031 275 x.
1235 225 1298 288 67

3 335 209 402 draginta
228 354 238 384 :
261 349 386 399 capta
405 336 491 383 tria
509 334 649 382 millia
670 333 908 398 offinginti
930 336 979 382 δε
997 333 1297 400 septuaginta:

4 411 128 475 figna
170 409 378 456 militaria
414 409 663 472 nonaginta
699 406 880 470 septem.
936 407 1147 454 Ceterum
1186 407 1300 455 illud

7 482 240 528 memoriae
271 481 482 539 traditur,
504 496 599 526 non
632 478 771 525 ferme
800 480 932 525 alium
963 479 1121 527 ducem
1154 480 1303 528 laetio-

7 573 104 603 rem
138 556 185 602 in
214 556 309 602 acie
342 554 519 612 visum,
545 553 618 600 seu
653 553 811 615 suopte
846 553 1030 617 ingenio
1048 590 1061 611 ‚
1086 553 1159 600 seu
1186 553 1304 601 fidu-

9 629 79 676 cia
101 629 214 676 bene
242 628 444 693 gerendae
473 627 549 674 rei.
587 627 657 673 Ab
675 626 837 673 eodem
867 627 1037 672 robore
1064 627 1199 674 animi
1228 644 1304 674 nea

9 720 98 767 que
132 701 436 751 controverso
473 700 674 764 auspicio
708 700 919 747 revocari
956 718 979 747 a
1014 701 1181 764 proelio
1217 720 1304 766 po-

11 778 124 834 tuit;
160 779 210 826 &
242 777 289 823 in
320 775 418 840 ipso
451 776 738 834 discrimine,
767 791 860 837 quo
895 775 1059 836 templa
1095 776 1197 822 Diis
1226 778 1306 823 im-

13 848 283 896 mortalibus
305 846 469 896 voveri
491 863 591 894 mos
611 858 729 903 erat,
752 857 951 892 voverat
976 847 1078 894 Jovi
1104 848 1276 894 vietori
1293 885 1308 909 ‚

15 921 50 969 fi
75 921 275 985 legiones
304 920 503 968 hostium
530 919 709 967 fudiffet
726 955 738 976 ‚
758 920 977 983 pocillum
1003 921 1129 967 mulsi
1157 922 1309 984 prius,

15 1013 151 1060 quam
186 1007 402 1043 temetum
438 994 640 1052 biberet,
672 993 758 1041 sese
792 993 1025 1042 faciurum.
1070 995 1115 1041 id
1145 1009 1310 1045 votum

18 1070 125 1121 Diis
159 1069 288 1119 cordi
318 1068 433 1116 fuit:
461 1070 510 1116 δε
541 1068 738 1132 auspicia
760 1068 806 1115 in
832 1068 1005 1115 bonum
1031 1083 1280 1120 verterunt.

83 1146 241 1192 XLIII.
271 1143 436 1190 Eadem
466 1141 651 1190 fortuna
675 1142 729 1190 ab
757 1142 900 1190 altero
930 1143 1114 1191 consule
1139 1146 1193 1191 acl
1213 1147 1312 1193 Co-

20 1218 212 1267 minium
244 1217 357 1282 gesta
392 1233 477 1265 res.
510 1217 657 1264 Prima
677 1215 802 1274 luce,
821 1216 884 1263 sad
910 1218 1076 1276 moenia
1099 1219 1312 1268 omnibus

21 1294 169 1358 copiis
189 1293 412 1351 admotis,
441 1309 615 1341 corona
648 1292 793 1340 cinxit
818 1291 1006 1350 urbem;
1035 1293 1313 1360 subsidiaque

20 1368 149 1416 firma
166 1405 180 1428 ‚
200 1386 256 1416 ne
284 1386 373 1433 qua
400 1367 583 1431 eruptio
610 1365 764 1425 fieret,
786 1369 930 1432 portis
957 1369 1183 1432 opposuit.
1220 1372 1314 1419 Jam

21 1444 197 1507 iignum
226 1443 403 1490 dantem
433 1459 534 1489 eum
561 1440 746 1488 nuntius
779 1457 804 1487 a
832 1440 1006 1505 collega
1035 1442 1232 1505 trepidus
1261 1445 1315 1492 de

23 1517 191 1582 viginti
225 1515 485 1564 cohortium
514 1514 715 1562 adventu
747 1514 798 1562 &
825 1514 880 1560 ab
908 1513 1078 1578 impetu
1115 1529 1317 1566 moratus

25 1589 117 1648 est,
153 1591 203 1638 δε
232 1601 402 1652 partem
444 1587 681 1652 copiarum
708 1603 929 1635 revocare
964 1588 1217 1636 instruetam
1250 1590 1318 1636 in-

25 1675 284 1726 tentamque
332 1662 388 1709 ad
419 1661 776 1726 oppugnandum
819 1661 982 1725 coegit.
1029 1663 1093 1709 D.
1133 1664 1319 1710 Brutum
1343 1713 1356 1719 ,

27 1737 234 1783 Scaevam
261 1735 458 1798 legatum
486 1752 586 1783 cum
614 1734 795 1798 legione
815 1735 960 1798 prima
987 1736 1036 1782 &
1061 1735 1211 1783 elecem
1241 1753 1321 1783 co-

28 1808 240 1856 hortibus
270 1808 416 1855 alariis
442 1807 736 1872 equitatuque
755 1808 818 1855 ire
846 1807 1055 1854 adversus
1081 1808 1321 1858 subsidium

28 1881 227 1928 hostium
266 1881 388 1944 juffit
414 1899 424 1928 :
466 1898 745 1946 quocunque
794 1883 841 1929 in
886 1881 993 1927 loco
1043 1880 1189 1928 fuisset
1235 1884 1322 1930 ob*

33 1955 138 2003 vius
153 1991 168 2014 ‚
188 1955 418 2002 obfisteret
437 1972 489 2003 ac
510 1970 787 2012 moraretur3
820 1971 1092 2017 manumque
1108 1992 1121 2012 ,
1146 1955 1173 2001 fi
1203 1948 1323 2004 forte

32 2028 94 2076 ita
114 2045 181 2074 res
203 2027 434 2091 posceret,
456 2028 709 2077 conferret:
736 2030 876 2077 modo
900 2046 953 2074 ne
976 2029 1029 2074 ad
1056 2031 1321 2078 Cominium

33 2118 98 2149 eae
133 2102 280 2165 copiae
316 2103 551 2149 admoveri
590 2104 777 2166 possent.
832 2103 920 2165 lpse
956 2102 1087 2158 scalas
1129 2104 1230 2151 ferri
1269 2106 1323 2152 ad

34 2189 189 2220 muros
222 2173 278 2219 ab
310 2173 438 2219 omni
471 2187 593 2235 parte
623 2176 742 2222 urbis
773 2174 920 2234 justit,
949 2192 1000 2220 ac
1024 2174 1240 2222 testudine
1271 2176 1325 2222 ad

36 2257 190 2308 portas
217 2245 426 2293 succeffit.
456 2247 581 2293 simul
612 2250 660 2296 &
696 2248 1051 2312 refringebantur
1081 2262 1254 2311 portae,
1278 2251 1328 2298 &

39 2319 112 2367 vis
137 2321 336 2385 undique
370 2321 415 2367 in
444 2339 597 2368 muros
631 2321 775 2368 fic-bat.
809 2322 1057 2380 SamniteS,
1087 2323 1221 2378 sicut,
1245 2340 1327 2369 nn-

0 2446 2 2449 ,
38 2405 218 2458 tequam
248 2395 293 2441 in
322 2396 458 2442 muris
487 2396 691 2443 viderent
719 2408 938 2452 armatos,
966 2394 1063 2442 satis
1089 2396 1222 2441 animi
1253 2397 1327 2442 ha-

40 2465 236 2513 buerunt
269 2468 323 2513 ad
356 2469 670 2530 prohibendos
706 2468 826 2515 urbis
864 2469 985 2514 aditu
1023 2467 1205 2525 hostes;
1240 2469 1329 2525 ita,

45 2538 281 2603 postquam
306 2538 393 2601 jam
421 2557 516 2588 non
536 2558 591 2588 ex
610 2540 955 2591 intervallonec
977 2542 1208 2589 miffilibus
1226 2577 1238 2601 ,
1258 2541 1329 2590 scd

988 2617 1026 2662 E
1052 2633 1078 2663 2
