1701 3008
284 247 376 294 242
451 229 545 279 JO.
587 219 1088 273 FREINSHEMII
1129 216 1500 268 SUPPLEM„

280 355 385 394 quam
408 338 554 377 alteram
579 333 682 371 talem
698 330 832 383 bestiam
848 359 859 377 ,
884 325 985 365 malle
1011 326 1230 365 faterentur.
1257 326 1393 376 Neque
1419 319 1565 367 diutius

282 402 337 444 'ibi
366 399 504 440 morari
527 395 644 435 castra
670 399 902 443 potuerunt,
935 390 1027 440 quin
1053 389 1145 429 tabo
1175 382 1334 428 insedas
1361 402 1498 440 aquas,
1531 392 1569 429 &c

284 475 444 504 omnem
478 459 581 497 cirea
611 456 805 507 regionem
836 455 974 493 foetore
1000 453 1160 502 jacentis
1192 452 1369 503 pestifero
1404 453 1571 491 afflatam

284 527 487 577 fugerent:
516 533 596 559 non
623 519 701 558 fine
729 517 867 556 rubore
899 514 1028 565 aliquo
1056 514 1232 553 humanae
1258 513 1465 564 superbiae,
1487 525 1570 564 quae

285 602 365 629 non
386 599 468 626 raro
485 583 628 623 viribus
649 580 723 621 suis
739 578 835 619 nihil
851 575 1124 629 negatum‘effe
1137 609 1148 627 ,
1165 577 1300 616 stolide
1314 572 1432 627 putat.
1461 577 1571 616 Exer-

283 653 407 691 citum
434 656 535 688 certe
559 647 776 686 Romanum
793 675 805 692 ‚
833 645 1064 692 imperatore
1090 640 1145 681 M.
1172 638 1346 690 Regulo,
1367 648 1465 677 terra
1489 651 1571 677 ma·-

283 714 392 762 rique
404 710 588 749 vitiorem
609 718 706 745 unus
723 704 856 755 anguis
875 706 909 743 δε
926 703 1033 741 vivus
1061 701 1233 740 exercuit
1251 732 1264 746 ‚
1284 703 1318 740 &
1340 700 1567 738 interfectus

281 772 489 824 submovit.
547 770 678 819 Quare
706 778 777 804 nec
806 764 945 815 puduit
976 761 1274 808 proconsulem,
1305 759 1420 808 hujus
1451 759 1568 798 etiam

259 880 261 882 ,
284 835 404 875 hostis
421 832 540 884 spolia
557 832 721 872 Romam
744 828 920 874 mittere,
941 825 1163 876 timorisque
1186 824 1241 862 sui
1265 822 1572 873 magnitudinem

287 901 325 938 δε
351 895 517 936 victoriae
553 892 735 944 gaudium
764 888 922 941 publico
956 895 1209 926 monumento
1243 885 1366 924 fateri.
1413 883 1571 922 Corium

284 959 389 1001 enim
417 956 555 997 belluae
593 955 804 994 detractum
839 952 880 990 in
913 949 1059 990 Urbem
1088 944 1358 987 devehendum
1395 946 1570 986 curavit:

283 1023 391 1075 quod
418 1028 577 1060 centum
601 1017 736 1068 viginti
767 1015 885 1066 pedes
910 1014 1070 1063 longum
1103 1011 1211 1050 fuisse
1247 1011 1386 1049 dieitur
1414 1023 1423 1049 :
1463 1011 1498 1048 8(
1529 1009 1571 1047 in

284 1083 434 1134 templo
458 1080 627 1132 quodam
645 1076 864 1129 suspensum
877 1105 887 1124 ,
906 1076 955 1114 ad
971 1073 1198 1114 Numantini
1219 1072 1337 1122 usque
1363 1069 1453 1110 belli
1472 1078 1570 1109 tem-

284 1159 380 1198 pora
407 1141 604 1189 duravisse.
894 1132 898 1135 i
1565 1134 1572 1138 ”

339 1205 462 1245 XVII.
492 1204 614 1244 Motis
637 1215 658 1241 a
673 1199 844 1252 Bagrada
867 1198 1014 1246 castris,
1040 1196 1167 1238 versus
1191 1195 1326 1236 urbem
1350 1195 1450 1235 Adin
1469 1207 1573 1233 exer-

286 1269 409 1308 citum
442 1265 553 1305 duxit
581 1262 738 1310 consul,
763 1261 885 1300 obiter
914 1259 1142 1311 expugnatis
1167 1257 1391 1307 vastatisque
1416 1251 1568 1307 oppidis

287 1334 324 1372 ἃ
341 1328 498 1370 castellis
511 1359 524 1376 ,
539 1341 621 1378 quae
640 1327 680 1365 in
698 1324 833 1364 itinere
850 1330 1103 1362 occurrerant.
1129 1321 1186 1360 Ad
1209 1320 1308 1360 Adiri
1327 1332 1417 1359 vero
1430 1351 1440 1367 ‚
1454 1331 1569 1367 quam

285 1405 422 1444 capere
462 1389 624 1439 majoris>
652 1395 732 1426 erat
764 1398 915 1437 operae,
941 1384 1061 1424 vineis
1092 1381 1352 1431 machinisque
1387 1380 1569 1419 adhibitis

286 1455 383 1506 justa
398 1453 568 1492 instituta
590 1446 642 1489 est
656 1449 819 1489 obfidio.
850 1448 908 1488 Ad
932 1461 1046 1498 quam
1066 1445 1348 1497 prohibendam
1373 1443 1479 1483 Poeni
1502 1443 1572 1481 du-

282 1530 350 1556 ces
380 1529 469 1554 cum
497 1513 668 1552 celeriter
689 1508 955 1557 accurrissent,
970 1510 1010 1547 in
1028 1508 1128 1548 colle
1153 1506 1320 1557 quodam
1342 1503 1467 1543 castris
1484 1502 1570 1553 qui-

285 1582 378 1621 dem
391 1577 577 1623 Romanis
592 1575 817 1613 imminente
830 1604 841 1621 ,
858 1573 923 1612 sed
945 1573 1136 1623 impedito
1151 1569 1373 1618 filvosoque‚
1389 1566 1571 1606 consede-

284 1651 385 1683 runt.
415 1640 471 1681 M.
504 1636 672 1688 Regulus
700 1636 854 1685 ingenio
884 1635 971 1674 {itus
1000 1637 1035 1674 Sc
1061 1645 1197 1685 genere
1224 1631 1424 1681 copiarum
1453 1628 1571 1668 hosti-

285 1705 382 1744 lium
414 1702 594 1742 aestimato
612 1730 622 1748 ‚
653 1711 741 1738 cum
765 1696 839 1737 illis
869 1698 1038 1748 peditem
1072 1695 1139 1735 suo
1165 1694 1388 1743 neutiquam
1414 1704 1571 1742 compa-

287 1767 474 1814 randum,
496 1764 562 1803 sed
588 1762 628 1801 in
654 1760 869 1812 elephantis
888 1762 923 1800 Sc
941 1758 1130 1810 equitibus
1154 1757 1233 1808 spei
1259 1755 1468 1806 plurimum
1496 1753 1571 1793 effe

286 1830 457 1877 videret,
481 1834 652 1865 ceterum
679 1837 765 1863 eam
785 1823 926 1862 virium
947 1830 1093 1872 partem
1118 1821 1157 1858 in
1180 1826 1309 1869 aperto
1335 1829 1473 1867 campo
1492 1816 1572 1854 for-

285 1890 514 1931 midabilem
542 1889 738 1935 futuram,
760 1886 960 1936 iniquitate
987 1884 1161 1922 locorum
1183 1879 1363 1927 excludi,
1380 1876 1572 1916 inutilem.

287 1967 362 2004 que
390 1951 522 1999 reddi3
549 1949 703 1988 stultitia
733 1947 901 1986 hostiurn
923 1945 1112 1996 sapienter
1132 1941 1246 1990 usus,
1272 1939 1487 1990 prinsquam
1514 1951 1572 1976 er-

287 2028 412 2054 rorem
439 2013 549 2052 suum
584 2010 888 2050 animadvertere
921 2019 966 2047 ac
1000 2006 1186 2057 corrigere
1217 2002 1367 2054 possent
1386 2033 1398 2049 ,
1426 2002 1467 2040 in
1491 2000 1567 2040 suis

289 2077 416 2114 castris
440 2087 505 2113 eos
531 2083 752 2123 oppugnare
773 2070 914 2109 statuit.
941 2069 1185 2118 Quapropter
1208 2064 1379 2103 hortatus
1404 2061 1569 2108 milites,

289 2139 324 2177 ἃ
342 2146 464 2175 cetera
478 2167 488 2184 ‚
513 2148 594 2186 quae
618 2131 841 2183 suggerebat
864 2130 959 2169 ratio
973 2160 986 2177 ,
1004 2128 1205 2178 diligenter
1225 2125 1424 2166 exsecutus
1437 2155 1446 2171 ‚
1464 2136 1570 2161 non-

291 2198 384 2236 dum
414 2205 513 2235 certa
539 2195 626 2234 luce
653 2193 776 2232 castris
809 2191 1028 2242 egreditur,
1059 2190 1256 2237 aciemque
1289 2185 1329 2222 in
1364 2182 1565 2223 adversum

289 2260 454 2307 collem,
480 2259 546 2297 ubi
575 2256 942 2306 Carthaginienfium
969 2262 1076 2293 erant
1105 2252 1248 2297 castra,
1276 2248 1397 2300 erigit.

344 2319 489 2359 XVIII.
529 2319 665 2358 Poenos
692 2316 770 2366 ipsa
799 2317 923 2366 primo
948 2316 1212 2354 Romanorum
1239 2309 1400 2348 audacia
1427 2308 1570 2346 territa·

291 2380 357 2419 bat
371 2409 381 2428 ‚
409 2378 513 2428 quod
535 2390 694 2415 numero
712 2377 909 2426 pauciores
931 2385 977 2413 ex
991 2372 1171 2411 inferiore
1187 2369 1276 2407 loco
1294 2377 1416 2407 tantas
1436 2368 1568 2417 copias

336 2503 358 2545 ,ς
382 2502 473 2534 XVI.
498 2501 583 2534 Plin.
603 2501 641 2540 8,
663 2513 695 2539 4·
719 2499 819 2535 Oros.
844 2498 944 2534 Silius
970 2498 994 2531 l.
1019 2496 1051 2532 6.
1071 2496 1146 2532 Val.
1180 2494 1274 2530 Max,
1303 2492 1426 2527 Zonar.
1452 2488 1572 2534 Polyb.

291 2549 314 2593 5
340 2546 445 2583 XVII.
468 2546 590 2582 Zenar.
619 2545 741 2590 Pol-ffb.
