<?xml version="1.0" encoding="UTF-8"?>
<!DOCTYPE html PUBLIC "-//W3C//DTD XHTML 1.0 Transitional//EN"
    "http://www.w3.org/TR/xhtml1/DTD/xhtml1-transitional.dtd">
<html xmlns="http://www.w3.org/1999/xhtml" xml:lang="en" lang="en">
 <head>
  <title>
</title>
<meta http-equiv="Content-Type" content="text/html;charset=utf-8" />
  <meta name='ocr-system' content='tesseract 3.04.00' />
  <meta name='ocr-capabilities' content='ocr_page ocr_carea ocr_par ocr_line ocrx_word'/>
</head>
<body>
  <div class='ocr_page' id='page_1' title='image "./historiarumlibri03livyuoft_0256.png"; bbox 0 0 1701 3008; ppageno 0'>
   <div class='ocr_carea' id='block_1_1' title="bbox 301 184 1486 251">
    <p class='ocr_par' dir='ltr' id='par_1_1' title="bbox 301 184 1486 251">
     <span class='ocr_line' id='line_1_1' title="bbox 301 184 1486 251; baseline -0.003 -15"><span class='ocrx_word' id='word_1_1' title='bbox 301 189 390 248; x_wconf 83' lang='lat'><strong>248</strong></span> <span class='ocrx_word' id='word_1_2' title='bbox 460 188 549 235; x_wconf 81' lang='lat' dir='ltr'><strong>JO.</strong></span> <span class='ocrx_word' id='word_1_3' title='bbox 590 184 1093 251; x_wconf 81' lang='lat' dir='ltr'>FREINSHEMII</span> <span class='ocrx_word' id='word_1_4' title='bbox 1127 185 1486 234; x_wconf 70' lang='lat' dir='ltr'>SUPPLEM</span> 
     </span>
    </p>
   </div>
   <div class='ocr_carea' id='block_1_2' title="bbox 298 291 1597 2334">
    <p class='ocr_par' dir='ltr' id='par_1_2' title="bbox 298 291 1586 641">
     <span class='ocr_line' id='line_1_2' title="bbox 300 291 1582 344; baseline -0.002 -9"><span class='ocrx_word' id='word_1_5' title='bbox 300 294 422 336; x_wconf 86' lang='lat' dir='ltr'><strong>millia</strong></span> <span class='ocrx_word' id='word_1_6' title='bbox 444 295 647 334; x_wconf 86' lang='lat' dir='ltr'><strong>hominum</strong></span> <span class='ocrx_word' id='word_1_7' title='bbox 659 323 670 342; x_wconf 90' lang='lat'>,</span> <span class='ocrx_word' id='word_1_8' title='bbox 688 292 751 343; x_wconf 84' lang='lat' dir='ltr'><strong>qui</strong></span> <span class='ocrx_word' id='word_1_9' title='bbox 770 293 1025 333; x_wconf 80' lang='lat' dir='ltr'><strong>mercenarios</strong></span> <span class='ocrx_word' id='word_1_10' title='bbox 1040 292 1128 332; x_wconf 90' lang='lat' dir='ltr'><strong>loco</strong></span> <span class='ocrx_word' id='word_1_11' title='bbox 1146 291 1394 344; x_wconf 85' lang='lat' dir='ltr'>pepulerant,</span> <span class='ocrx_word' id='word_1_12' title='bbox 1410 293 1582 333; x_wconf 77' lang='lat' dir='ltr'><strong>festinato</strong></span> 
     </span>
     <span class='ocr_line' id='line_1_3' title="bbox 300 353 1584 406; baseline -0.002 -9"><span class='ocrx_word' id='word_1_13' title='bbox 300 358 409 397; x_wconf 77' lang='lat' dir='ltr'><strong>abitu</strong></span> <span class='ocrx_word' id='word_1_14' title='bbox 438 356 623 406; x_wconf 86' lang='lat' dir='ltr'><strong>Clupeam</strong></span> <span class='ocrx_word' id='word_1_15' title='bbox 655 353 869 393; x_wconf 84' lang='lat' dir='ltr'><strong>incolumes</strong></span> <span class='ocrx_word' id='word_1_16' title='bbox 900 363 1036 404; x_wconf 70' lang='lat' dir='ltr'><strong>praeter</strong></span> <span class='ocrx_word' id='word_1_17' title='bbox 1061 355 1168 406; x_wconf 86' lang='lat' dir='ltr'><strong>spem</strong></span> <span class='ocrx_word' id='word_1_18' title='bbox 1199 355 1407 395; x_wconf 80' lang='lat' dir='ltr'><strong>evaserunt.</strong></span> <span class='ocrx_word' id='word_1_19' title='bbox 1442 357 1584 396; x_wconf 83' lang='lat' dir='ltr'><strong>Roma-</strong></span> 
     </span>
     <span class='ocr_line' id='line_1_4' title="bbox 298 414 1584 465; baseline -0.001 -8"><span class='ocrx_word' id='word_1_20' title='bbox 298 429 439 457; x_wconf 86' lang='lat' dir='ltr'><strong>norum</strong></span> <span class='ocrx_word' id='word_1_21' title='bbox 470 416 739 465; x_wconf 87' lang='lat' dir='ltr'><strong>sociorumque</strong></span> <span class='ocrx_word' id='word_1_22' title='bbox 762 414 881 454; x_wconf 85' lang='lat' dir='ltr'><strong>millia</strong></span> <span class='ocrx_word' id='word_1_23' title='bbox 904 415 1051 454; x_wconf 82' lang='lat' dir='ltr'><strong>circiter</strong></span> <span class='ocrx_word' id='word_1_24' title='bbox 1076 415 1232 465; x_wconf 83' lang='lat' dir='ltr'><strong>triginta</strong></span> <span class='ocrx_word' id='word_1_25' title='bbox 1258 415 1345 454; x_wconf 85' lang='lat' dir='ltr'><strong>sunt</strong></span> <span class='ocrx_word' id='word_1_26' title='bbox 1373 416 1584 456; x_wconf 66' lang='lat' dir='ltr'><strong>interfecta.</strong></span> 
     </span>
     <span class='ocr_line' id='line_1_5' title="bbox 301 477 1586 529; baseline -0.004 -9"><span class='ocrx_word' id='word_1_27' title='bbox 301 480 362 520; x_wconf 89' lang='lat' dir='ltr'><strong>De</strong></span> <span class='ocrx_word' id='word_1_28' title='bbox 384 478 527 520; x_wconf 88' lang='lat' dir='ltr'><strong>Punico</strong></span> <span class='ocrx_word' id='word_1_29' title='bbox 549 477 719 517; x_wconf 83' lang='lat' dir='ltr'><strong>exercitu</strong></span> <span class='ocrx_word' id='word_1_30' title='bbox 744 477 968 517; x_wconf 88' lang='lat' dir='ltr'><strong>ceciderunt</strong></span> <span class='ocrx_word' id='word_1_31' title='bbox 985 491 1063 516; x_wconf 90' lang='lat' dir='ltr'><strong>non</strong></span> <span class='ocrx_word' id='word_1_32' title='bbox 1086 477 1220 526; x_wconf 83' lang='lat' dir='ltr'><strong>multi,</strong></span> <span class='ocrx_word' id='word_1_33' title='bbox 1236 487 1373 529; x_wconf 77' lang='lat' dir='ltr'><strong>praeter</strong></span> <span class='ocrx_word' id='word_1_34' title='bbox 1387 479 1586 528; x_wconf 70' lang='lat' dir='ltr'><strong>octingen-</strong></span> 
     </span>
     <span class='ocr_line' id='line_1_6' title="bbox 299 541 1584 591; baseline 0.001 -11"><span class='ocrx_word' id='word_1_35' title='bbox 299 550 359 580; x_wconf 85' lang='lat' dir='ltr'><strong>tos</strong></span> <span class='ocrx_word' id='word_1_36' title='bbox 397 554 446 581; x_wconf 78' lang='lat' dir='ltr'><strong>ex</strong></span> <span class='ocrx_word' id='word_1_37' title='bbox 481 542 805 580; x_wconf 84' lang='lat' dir='ltr'><strong>mercenariorum</strong></span> <span class='ocrx_word' id='word_1_38' title='bbox 836 543 989 591; x_wconf 84' lang='lat' dir='ltr'><strong>agmine</strong></span> <span class='ocrx_word' id='word_1_39' title='bbox 1009 571 1020 590; x_wconf 87' lang='lat'><strong>,</strong></span> <span class='ocrx_word' id='word_1_40' title='bbox 1048 542 1153 591; x_wconf 89' lang='lat' dir='ltr'><strong>quod</strong></span> <span class='ocrx_word' id='word_1_41' title='bbox 1188 541 1365 581; x_wconf 83' lang='lat' dir='ltr'><strong>adversus</strong></span> <span class='ocrx_word' id='word_1_42' title='bbox 1400 542 1584 582; x_wconf 81' lang='lat' dir='ltr'><strong>finistrum</strong></span> 
     </span>
     <span class='ocr_line' id='line_1_7' title="bbox 298 601 853 641; baseline 0 -1"><span class='ocrx_word' id='word_1_43' title='bbox 298 601 416 641; x_wconf 87' lang='lat' dir='ltr'><strong>hostis</strong></span> <span class='ocrx_word' id='word_1_44' title='bbox 445 614 564 640; x_wconf 90' lang='lat' dir='ltr'><strong>cornu</strong></span> <span class='ocrx_word' id='word_1_45' title='bbox 590 603 853 641; x_wconf 87' lang='lat' dir='ltr'><strong>dimicaverat.</strong></span> 
     </span>
    </p>

    <p class='ocr_par' dir='ltr' id='par_1_3' title="bbox 298 665 1597 1781">
     <span class='ocr_line' id='line_1_8' title="bbox 354 665 1584 718; baseline -0.001 -12"><span class='ocrx_word' id='word_1_46' title='bbox 354 666 543 706; x_wconf 88' lang='lat' dir='ltr'>XXVIII.</span> <span class='ocrx_word' id='word_1_47' title='bbox 559 667 684 706; x_wconf 87' lang='lat' dir='ltr'><strong>Tanta</strong></span> <span class='ocrx_word' id='word_1_48' title='bbox 711 679 750 705; x_wconf 90' lang='lat' dir='ltr'><strong>re</strong></span> <span class='ocrx_word' id='word_1_49' title='bbox 776 667 968 717; x_wconf 60' lang='lat' dir='ltr'><strong>perfecta,</strong></span> <span class='ocrx_word' id='word_1_50' title='bbox 986 680 1075 706; x_wconf 90' lang='lat' dir='ltr'><strong>cum</strong></span> <span class='ocrx_word' id='word_1_51' title='bbox 1102 667 1291 706; x_wconf 78' lang='lat' dir='ltr'><strong>exercitus</strong></span> <span class='ocrx_word' id='word_1_52' title='bbox 1315 666 1446 718; x_wconf 83' lang='lat' dir='ltr'><strong>spoliis</strong></span> <span class='ocrx_word' id='word_1_53' title='bbox 1473 665 1584 706; x_wconf 81' lang='lat' dir='ltr'><strong>caeso-</strong></span> 
     </span>
     <span class='ocr_line' id='line_1_9' title="bbox 298 727 1584 780; baseline -0.002 -13"><span class='ocrx_word' id='word_1_54' title='bbox 298 742 414 777; x_wconf 84' lang='lat' dir='ltr'><strong>rum,</strong></span> <span class='ocrx_word' id='word_1_55' title='bbox 444 730 479 768; x_wconf 73' lang='grc' dir='ltr'><strong>δε</strong></span> <span class='ocrx_word' id='word_1_56' title='bbox 510 729 742 778; x_wconf 80' lang='lat' dir='ltr'><strong>imperatore</strong></span> <span class='ocrx_word' id='word_1_57' title='bbox 772 729 1035 769; x_wconf 83' lang='lat' dir='ltr'><strong>Romanorum</strong></span> <span class='ocrx_word' id='word_1_58' title='bbox 1075 737 1186 779; x_wconf 86' lang='lat' dir='ltr'><strong>capto</strong></span> <span class='ocrx_word' id='word_1_59' title='bbox 1214 729 1396 780; x_wconf 87' lang='lat' dir='ltr'><strong>superbus</strong></span> <span class='ocrx_word' id='word_1_60' title='bbox 1427 727 1584 768; x_wconf 73' lang='lat' dir='ltr'><strong>Cartha-</strong></span> 
     </span>
     <span class='ocr_line' id='line_1_10' title="bbox 299 790 1597 843; baseline -0.002 -12"><span class='ocrx_word' id='word_1_61' title='bbox 299 793 432 843; x_wconf 88' lang='lat' dir='ltr'><strong>ginem</strong></span> <span class='ocrx_word' id='word_1_62' title='bbox 458 800 732 841; x_wconf 82' lang='lat' dir='ltr'><strong>reverteretur3</strong></span> <span class='ocrx_word' id='word_1_63' title='bbox 764 791 914 831; x_wconf 82' lang='lat' dir='ltr'><strong>obviam</strong></span> <span class='ocrx_word' id='word_1_64' title='bbox 942 791 1059 831; x_wconf 79' lang='lat' dir='ltr'><strong>effusa</strong></span> <span class='ocrx_word' id='word_1_65' title='bbox 1086 792 1320 832; x_wconf 88' lang='lat' dir='ltr'><strong>urbanorum</strong></span> <span class='ocrx_word' id='word_1_66' title='bbox 1346 790 1555 830; x_wconf 85' lang='lat' dir='ltr'><strong>multitudo</strong></span> <span class='ocrx_word' id='word_1_67' title='bbox 1571 804 1597 838; x_wconf 73' lang='lat'><strong>3,</strong></span> 
     </span>
     <span class='ocr_line' id='line_1_11' title="bbox 302 850 1587 893; baseline -0.001 -1"><span class='ocrx_word' id='word_1_68' title='bbox 302 853 368 893; x_wconf 90' lang='lat' dir='ltr'><strong>alii</strong></span> <span class='ocrx_word' id='word_1_69' title='bbox 391 853 431 892; x_wconf 88' lang='lat' dir='ltr'><strong>in</strong></span> <span class='ocrx_word' id='word_1_70' title='bbox 457 853 551 892; x_wconf 89' lang='lat' dir='ltr'><strong>vicis</strong></span> <span class='ocrx_word' id='word_1_71' title='bbox 581 861 647 892; x_wconf 89' lang='lat' dir='ltr'><strong>aut</strong></span> <span class='ocrx_word' id='word_1_72' title='bbox 679 853 859 892; x_wconf 80' lang='lat' dir='ltr'><strong>domibus</strong></span> <span class='ocrx_word' id='word_1_73' title='bbox 891 854 1133 892; x_wconf 74' lang='lat' dir='ltr'><strong>consistentes</strong></span> <span class='ocrx_word' id='word_1_74' title='bbox 1164 852 1376 892; x_wconf 81' lang='lat' dir='ltr'><strong>incredibili</strong></span> <span class='ocrx_word' id='word_1_75' title='bbox 1407 866 1495 891; x_wconf 88' lang='lat' dir='ltr'><strong>cum</strong></span> <span class='ocrx_word' id='word_1_76' title='bbox 1518 850 1587 891; x_wconf 51' lang='lat' dir='ltr'><strong>voss</strong></span> 
     </span>
     <span class='ocr_line' id='line_1_12' title="bbox 298 913 1582 966; baseline -0.002 -12"><span class='ocrx_word' id='word_1_77' title='bbox 298 914 720 965; x_wconf 70' lang='lat' dir='ltr'><strong>luptate‚spe&lt;staculo,</strong></span> <span class='ocrx_word' id='word_1_78' title='bbox 740 915 852 965; x_wconf 87' lang='lat' dir='ltr'><strong>quale</strong></span> <span class='ocrx_word' id='word_1_79' title='bbox 872 915 988 966; x_wconf 87' lang='lat' dir='ltr'><strong>paulo</strong></span> <span class='ocrx_word' id='word_1_80' title='bbox 1011 923 1098 954; x_wconf 82' lang='lat' dir='ltr'><strong>ante</strong></span> <span class='ocrx_word' id='word_1_81' title='bbox 1114 916 1177 954; x_wconf 79' lang='lat' dir='ltr'><strong>vix</strong></span> <span class='ocrx_word' id='word_1_82' title='bbox 1202 924 1336 965; x_wconf 86' lang='lat' dir='ltr'><strong>optare</strong></span> <span class='ocrx_word' id='word_1_83' title='bbox 1351 914 1426 953; x_wconf 77' lang='lat' dir='ltr'><strong>ausi</strong></span> <span class='ocrx_word' id='word_1_84' title='bbox 1441 913 1582 961; x_wconf 81' lang='lat' dir='ltr'><strong>effent,</strong></span> 
     </span>
     <span class='ocr_line' id='line_1_13' title="bbox 298 975 1584 1027; baseline -0.001 -12"><span class='ocrx_word' id='word_1_85' title='bbox 298 975 556 1015; x_wconf 81' lang='lat' dir='ltr'><strong>fruebantur:</strong></span> <span class='ocrx_word' id='word_1_86' title='bbox 588 975 653 1014; x_wconf 79' lang='lat' dir='ltr'><strong>vix</strong></span> <span class='ocrx_word' id='word_1_87' title='bbox 682 983 798 1015; x_wconf 84' lang='lat' dir='ltr'><strong>tantae</strong></span> <span class='ocrx_word' id='word_1_88' title='bbox 830 976 1026 1016; x_wconf 75' lang='lat' dir='ltr'><strong>felicitatis</strong></span> <span class='ocrx_word' id='word_1_89' title='bbox 1058 976 1118 1016; x_wconf 89' lang='lat' dir='ltr'><strong>vel</strong></span> <span class='ocrx_word' id='word_1_90' title='bbox 1147 978 1353 1027; x_wconf 81' lang='lat' dir='ltr'><strong>gaudium,</strong></span> <span class='ocrx_word' id='word_1_91' title='bbox 1379 975 1440 1016; x_wconf 89' lang='lat' dir='ltr'><strong>vel</strong></span> <span class='ocrx_word' id='word_1_92' title='bbox 1468 976 1584 1014; x_wconf 87' lang='lat' dir='ltr'><strong>etiam</strong></span> 
     </span>
     <span class='ocr_line' id='line_1_14' title="bbox 300 1038 1586 1090; baseline -0.002 -11"><span class='ocrx_word' id='word_1_93' title='bbox 300 1040 422 1079; x_wconf 81' lang='lat' dir='ltr'><strong>fidem</strong></span> <span class='ocrx_word' id='word_1_94' title='bbox 445 1038 683 1089; x_wconf 79' lang='lat' dir='ltr'><strong>capientibus</strong></span> <span class='ocrx_word' id='word_1_95' title='bbox 713 1039 862 1078; x_wconf 81' lang='lat' dir='ltr'><strong>animis.</strong></span> <span class='ocrx_word' id='word_1_96' title='bbox 894 1041 970 1089; x_wconf 82' lang='lat' dir='ltr'><strong>Qui</strong></span> <span class='ocrx_word' id='word_1_97' title='bbox 996 1040 1098 1079; x_wconf 87' lang='lat' dir='ltr'><strong>enim</strong></span> <span class='ocrx_word' id='word_1_98' title='bbox 1117 1040 1236 1079; x_wconf 88' lang='lat' dir='ltr'><strong>modo</strong></span> <span class='ocrx_word' id='word_1_99' title='bbox 1261 1040 1436 1090; x_wconf 80' lang='lat' dir='ltr'><strong>proxime</strong></span> <span class='ocrx_word' id='word_1_100' title='bbox 1459 1039 1498 1077; x_wconf 89' lang='lat' dir='ltr'><strong>in</strong></span> <span class='ocrx_word' id='word_1_101' title='bbox 1513 1039 1586 1078; x_wconf 84' lang='lat' dir='ltr'><strong>de·-</strong></span> 
     </span>
     <span class='ocr_line' id='line_1_15' title="bbox 302 1100 1585 1153; baseline -0.003 -11"><span class='ocrx_word' id='word_1_102' title='bbox 302 1102 559 1153; x_wconf 69' lang='lat' dir='ltr'><strong>sperationem</strong></span> <span class='ocrx_word' id='word_1_103' title='bbox 572 1101 731 1141; x_wconf 60' lang='lat' dir='ltr'><strong>adducti</strong></span> <span class='ocrx_word' id='word_1_104' title='bbox 747 1114 827 1141; x_wconf 89' lang='lat' dir='ltr'><strong>non</strong></span> <span class='ocrx_word' id='word_1_105' title='bbox 847 1102 1041 1153; x_wconf 83' lang='lat' dir='ltr'><strong>regionem</strong></span> <span class='ocrx_word' id='word_1_106' title='bbox 1064 1109 1216 1141; x_wconf 89' lang='lat' dir='ltr'><strong>tantum</strong></span> <span class='ocrx_word' id='word_1_107' title='bbox 1235 1102 1355 1150; x_wconf 84' lang='lat' dir='ltr'><strong>suam,</strong></span> <span class='ocrx_word' id='word_1_108' title='bbox 1372 1100 1437 1140; x_wconf 88' lang='lat' dir='ltr'><strong>sed</strong></span> <span class='ocrx_word' id='word_1_109' title='bbox 1449 1100 1585 1140; x_wconf 87' lang='lat' dir='ltr'><strong>urbem</strong></span> 
     </span>
     <span class='ocr_line' id='line_1_16' title="bbox 300 1164 1585 1216; baseline -0.001 -12"><span class='ocrx_word' id='word_1_110' title='bbox 300 1165 448 1216; x_wconf 80' lang='lat' dir='ltr'><strong>ipsam,</strong></span> <span class='ocrx_word' id='word_1_111' title='bbox 475 1177 556 1204; x_wconf 87' lang='lat' dir='ltr'><strong>aras</strong></span> <span class='ocrx_word' id='word_1_112' title='bbox 574 1195 585 1213; x_wconf 79' lang='lat'>,</span> <span class='ocrx_word' id='word_1_113' title='bbox 612 1164 722 1204; x_wconf 86' lang='lat' dir='ltr'><strong>focos</strong></span> <span class='ocrx_word' id='word_1_114' title='bbox 749 1165 922 1204; x_wconf 89' lang='lat' dir='ltr'><strong>amittere</strong></span> <span class='ocrx_word' id='word_1_115' title='bbox 957 1166 1162 1206; x_wconf 84' lang='lat' dir='ltr'><strong>timuerant</strong></span> <span class='ocrx_word' id='word_1_116' title='bbox 1184 1182 1192 1207; x_wconf 91' lang='lat'>:</span> <span class='ocrx_word' id='word_1_117' title='bbox 1225 1165 1254 1205; x_wconf 87' lang='lat' dir='ltr'><strong>ii</strong></span> <span class='ocrx_word' id='word_1_118' title='bbox 1277 1173 1422 1205; x_wconf 87' lang='lat' dir='ltr'><strong>tantam</strong></span> <span class='ocrx_word' id='word_1_119' title='bbox 1455 1177 1585 1204; x_wconf 84' lang='lat' dir='ltr'><strong>rerum</strong></span> 
     </span>
     <span class='ocr_line' id='line_1_17' title="bbox 301 1227 1582 1280; baseline 0 -14"><span class='ocrx_word' id='word_1_120' title='bbox 301 1228 650 1268; x_wconf 85' lang='lat' dir='ltr'><strong>commutationem</strong></span> <span class='ocrx_word' id='word_1_121' title='bbox 684 1227 810 1268; x_wconf 90' lang='lat' dir='ltr'><strong>subito</strong></span> <span class='ocrx_word' id='word_1_122' title='bbox 844 1230 986 1269; x_wconf 66' lang='lat' dir='ltr'><strong>fac‘tam</strong></span> <span class='ocrx_word' id='word_1_123' title='bbox 1016 1229 1111 1280; x_wconf 79' lang='lat' dir='ltr'><strong>effe,</strong></span> <span class='ocrx_word' id='word_1_124' title='bbox 1139 1242 1356 1280; x_wconf 88' lang='lat' dir='ltr'><strong>quanquam</strong></span> <span class='ocrx_word' id='word_1_125' title='bbox 1383 1229 1582 1276; x_wconf 87' lang='lat' dir='ltr'><strong>viderent,</strong></span> 
     </span>
     <span class='ocr_line' id='line_1_18' title="bbox 303 1290 1588 1342; baseline -0.001 -12"><span class='ocrx_word' id='word_1_126' title='bbox 303 1291 367 1331; x_wconf 85' lang='lat' dir='ltr'><strong>vix</strong></span> <span class='ocrx_word' id='word_1_127' title='bbox 391 1290 586 1330; x_wconf 82' lang='lat' dir='ltr'><strong>audebant</strong></span> <span class='ocrx_word' id='word_1_128' title='bbox 613 1292 778 1331; x_wconf 87' lang='lat' dir='ltr'><strong>credere.</strong></span> <span class='ocrx_word' id='word_1_129' title='bbox 815 1292 891 1332; x_wconf 89' lang='lat' dir='ltr'><strong>Sed</strong></span> <span class='ocrx_word' id='word_1_130' title='bbox 921 1292 1088 1333; x_wconf 79' lang='lat' dir='ltr'><strong>maxime</strong></span> <span class='ocrx_word' id='word_1_131' title='bbox 1113 1292 1152 1331; x_wconf 90' lang='lat' dir='ltr'><strong>in</strong></span> <span class='ocrx_word' id='word_1_132' title='bbox 1180 1291 1280 1342; x_wconf 85' lang='lat' dir='ltr'><strong>ipsos</strong></span> <span class='ocrx_word' id='word_1_133' title='bbox 1305 1293 1420 1331; x_wconf 86' lang='lat' dir='ltr'><strong>duces</strong></span> <span class='ocrx_word' id='word_1_134' title='bbox 1447 1291 1588 1330; x_wconf 83' lang='lat' dir='ltr'><strong>intenti</strong></span> 
     </span>
     <span class='ocr_line' id='line_1_19' title="bbox 307 1353 1585 1404; baseline -0.002 -11"><span class='ocrx_word' id='word_1_135' title='bbox 307 1354 483 1393; x_wconf 86' lang='lat' dir='ltr'><strong>omnium</strong></span> <span class='ocrx_word' id='word_1_136' title='bbox 514 1353 617 1394; x_wconf 88' lang='lat' dir='ltr'><strong>oculi</strong></span> <span class='ocrx_word' id='word_1_137' title='bbox 643 1355 838 1404; x_wconf 87' lang='lat' dir='ltr'><strong>animique</strong></span> <span class='ocrx_word' id='word_1_138' title='bbox 867 1365 971 1394; x_wconf 84' lang='lat' dir='ltr'><strong>erant</strong></span> <span class='ocrx_word' id='word_1_139' title='bbox 993 1369 1001 1395; x_wconf 95' lang='lat'>:</span> <span class='ocrx_word' id='word_1_140' title='bbox 1035 1367 1122 1393; x_wconf 89' lang='lat' dir='ltr'><strong>cum</strong></span> <span class='ocrx_word' id='word_1_141' title='bbox 1148 1355 1265 1394; x_wconf 89' lang='lat' dir='ltr'><strong>modo</strong></span> <span class='ocrx_word' id='word_1_142' title='bbox 1289 1353 1585 1404; x_wconf 64' lang='lat' dir='ltr'><strong>Xanthippum,</strong></span> 
     </span>
     <span class='ocr_line' id='line_1_20' title="bbox 307 1416 1586 1468; baseline -0.002 -13"><span class='ocrx_word' id='word_1_143' title='bbox 307 1416 426 1455; x_wconf 75' lang='lat' dir='ltr'><strong>modo</strong></span> <span class='ocrx_word' id='word_1_144' title='bbox 449 1416 641 1467; x_wconf 72' lang='lat' dir='ltr'><strong>Regulum</strong></span> <span class='ocrx_word' id='word_1_145' title='bbox 656 1418 848 1456; x_wconf 88' lang='lat' dir='ltr'><strong>intuentes</strong></span> <span class='ocrx_word' id='word_1_146' title='bbox 859 1448 870 1467; x_wconf 75' lang='lat'>‚</span> <span class='ocrx_word' id='word_1_147' title='bbox 885 1417 999 1468; x_wconf 87' lang='lat' dir='ltr'><strong>hujus</strong></span> <span class='ocrx_word' id='word_1_148' title='bbox 1015 1418 1262 1457; x_wconf 83' lang='lat' dir='ltr'><strong>aestimatione</strong></span> <span class='ocrx_word' id='word_1_149' title='bbox 1278 1416 1586 1468; x_wconf 85' lang='lat' dir='ltr'><strong>magnitudinem</strong></span> 
     </span>
     <span class='ocr_line' id='line_1_21' title="bbox 301 1478 1577 1532; baseline -0.002 -14"><span class='ocrx_word' id='word_1_150' title='bbox 301 1479 358 1518; x_wconf 84' lang='lat' dir='ltr'><strong>sui</strong></span> <span class='ocrx_word' id='word_1_151' title='bbox 382 1479 619 1529; x_wconf 81' lang='lat' dir='ltr'><strong>imperatoris</strong></span> <span class='ocrx_word' id='word_1_152' title='bbox 658 1481 882 1520; x_wconf 85' lang='lat' dir='ltr'><strong>metirentur</strong></span> <span class='ocrx_word' id='word_1_153' title='bbox 919 1481 1247 1531; x_wconf 81' lang='lat' dir='ltr'><strong>extollerentque:</strong></span> <span class='ocrx_word' id='word_1_154' title='bbox 1274 1491 1442 1532; x_wconf 72' lang='lat' dir='ltr'><strong>unntum</strong></span> <span class='ocrx_word' id='word_1_155' title='bbox 1476 1478 1577 1516; x_wconf 74' lang='lat' dir='ltr'><strong>illum</strong></span> 
     </span>
     <span class='ocr_line' id='line_1_22' title="bbox 308 1539 1588 1595; baseline -0.002 -16"><span class='ocrx_word' id='word_1_156' title='bbox 308 1541 371 1594; x_wconf 83' lang='lat' dir='ltr'><strong>effe</strong></span> <span class='ocrx_word' id='word_1_157' title='bbox 389 1541 500 1578; x_wconf 73' lang='lat' dir='ltr'><strong>virum</strong></span> <span class='ocrx_word' id='word_1_158' title='bbox 528 1555 716 1594; x_wconf 76' lang='lat' dir='ltr'><strong>oporteret,</strong></span> <span class='ocrx_word' id='word_1_159' title='bbox 735 1545 794 1595; x_wconf 81' lang='lat' dir='ltr'><strong>qui</strong></span> <span class='ocrx_word' id='word_1_160' title='bbox 818 1544 935 1581; x_wconf 77' lang='lat' dir='ltr'><strong>ducem</strong></span> <span class='ocrx_word' id='word_1_161' title='bbox 961 1544 1158 1583; x_wconf 79' lang='lat' dir='ltr'><strong>acerrimum</strong></span> <span class='ocrx_word' id='word_1_162' title='bbox 1172 1573 1183 1592; x_wconf 78' lang='lat'>‚</span> <span class='ocrx_word' id='word_1_163' title='bbox 1197 1542 1417 1594; x_wconf 61' lang='lat' dir='ltr'><strong>fortunatum</strong></span> <span class='ocrx_word' id='word_1_164' title='bbox 1441 1539 1588 1578; x_wconf 69' lang='lat' dir='ltr'><strong>bellato-</strong></span> 
     </span>
     <span class='ocr_line' id='line_1_23' title="bbox 302 1603 1588 1659; baseline -0.004 -17"><span class='ocrx_word' id='word_1_165' title='bbox 302 1618 368 1642; x_wconf 85' lang='lat' dir='ltr'><strong>rem</strong></span> <span class='ocrx_word' id='word_1_166' title='bbox 384 1633 397 1649; x_wconf 84' lang='lat'>‚</span> <span class='ocrx_word' id='word_1_167' title='bbox 410 1604 565 1641; x_wconf 60' lang='lat' dir='ltr'><strong>vitiorem</strong></span> <span class='ocrx_word' id='word_1_168' title='bbox 580 1604 785 1656; x_wconf 76' lang='lat' dir='ltr'><strong>superbum,</strong></span> <span class='ocrx_word' id='word_1_169' title='bbox 803 1607 925 1658; x_wconf 73' lang='lat' dir='ltr'><strong>hostem</strong></span> <span class='ocrx_word' id='word_1_170' title='bbox 943 1606 1194 1659; x_wconf 70' lang='lat' dir='ltr'><strong>implacabilem</strong></span> <span class='ocrx_word' id='word_1_171' title='bbox 1207 1635 1218 1653; x_wconf 77' lang='lat'>‚</span> <span class='ocrx_word' id='word_1_172' title='bbox 1231 1617 1385 1642; x_wconf 80' lang='lat' dir='ltr'><strong>terrorem</strong></span> <span class='ocrx_word' id='word_1_173' title='bbox 1400 1603 1588 1656; x_wconf 78' lang='lat' dir='ltr'><strong>pestemque</strong></span> 
     </span>
     <span class='ocr_line' id='line_1_24' title="bbox 308 1661 1589 1718; baseline -0.002 -16"><span class='ocrx_word' id='word_1_174' title='bbox 308 1678 441 1717; x_wconf 78' lang='lat' dir='ltr'><strong>magnae</strong></span> <span class='ocrx_word' id='word_1_175' title='bbox 462 1665 690 1717; x_wconf 69' lang='lat' dir='ltr'><strong>Carthaginis</strong></span> <span class='ocrx_word' id='word_1_176' title='bbox 701 1696 711 1715; x_wconf 79' lang='lat'>‚</span> <span class='ocrx_word' id='word_1_177' title='bbox 728 1667 880 1705; x_wconf 77' lang='lat' dir='ltr'><strong>exercitu</strong></span> <span class='ocrx_word' id='word_1_178' title='bbox 888 1667 1148 1717; x_wconf 76' lang='lat' dir='ltr'><strong>florenrffmo,</strong></span> <span class='ocrx_word' id='word_1_179' title='bbox 1164 1665 1411 1718; x_wconf 79' lang='lat' dir='ltr'><strong>existimatione</strong></span> <span class='ocrx_word' id='word_1_180' title='bbox 1423 1661 1589 1716; x_wconf 72' lang='lat' dir='ltr'><strong>ampliffi&#39;-</strong></span> 
     </span>
     <span class='ocr_line' id='line_1_25' title="bbox 310 1723 1591 1781; baseline -0.002 -17"><span class='ocrx_word' id='word_1_181' title='bbox 310 1740 389 1773; x_wconf 74' lang='lat' dir='ltr'><strong>ma,</strong></span> <span class='ocrx_word' id='word_1_182' title='bbox 411 1726 567 1763; x_wconf 76' lang='lat' dir='ltr'><strong>libertate</strong></span> <span class='ocrx_word' id='word_1_183' title='bbox 593 1726 738 1778; x_wconf 75' lang='lat' dir='ltr'><strong>denique</strong></span> <span class='ocrx_word' id='word_1_184' title='bbox 763 1727 838 1780; x_wconf 61' lang='lat' dir='ltr'><em>¹³J⁷st²</em></span> <span class='ocrx_word' id='word_1_185' title='bbox 858 1739 928 1765; x_wconf 78' lang='lat' dir='ltr'><strong>tam</strong></span> <span class='ocrx_word' id='word_1_186' title='bbox 946 1729 1057 1781; x_wconf 72' lang='lat' dir='ltr'><strong>facile</strong></span> <span class='ocrx_word' id='word_1_187' title='bbox 1082 1741 1216 1780; x_wconf 75' lang='lat' dir='ltr'><strong>tamque</strong></span> <span class='ocrx_word' id='word_1_188' title='bbox 1239 1726 1387 1765; x_wconf 81' lang='lat' dir='ltr'><strong>celeriter</strong></span> <span class='ocrx_word' id='word_1_189' title='bbox 1412 1723 1591 1776; x_wconf 69' lang='lat' dir='ltr'><strong>exuiſjet?</strong></span> 
     </span>
    </p>

    <p class='ocr_par' dir='ltr' id='par_1_4' title="bbox 305 1784 1595 2334">
     <span class='ocr_line' id='line_1_26' title="bbox 362 1784 1590 1839; baseline -0.003 -11"><span class='ocrx_word' id='word_1_190' title='bbox 362 1787 521 1828; x_wconf 85' lang='lat' dir='ltr'>XXIX.</span> <span class='ocrx_word' id='word_1_191' title='bbox 554 1788 728 1839; x_wconf 85' lang='lat' dir='ltr'><strong>Augebat</strong></span> <span class='ocrx_word' id='word_1_192' title='bbox 761 1790 1055 1828; x_wconf 83' lang='lat' dir='ltr'><strong>admirationem</strong></span> <span class='ocrx_word' id='word_1_193' title='bbox 1086 1789 1239 1828; x_wconf 87' lang='lat' dir='ltr'><strong>habitus</strong></span> <span class='ocrx_word' id='word_1_194' title='bbox 1260 1788 1354 1834; x_wconf 72' lang='lat' dir='ltr'><strong>viri,</strong></span> <span class='ocrx_word' id='word_1_195' title='bbox 1384 1786 1488 1837; x_wconf 86' lang='lat' dir='ltr'><strong>quod</strong></span> <span class='ocrx_word' id='word_1_196' title='bbox 1519 1784 1590 1824; x_wconf 89' lang='lat' dir='ltr'><strong>sub</strong></span> 
     </span>
     <span class='ocr_line' id='line_1_27' title="bbox 308 1852 1592 1903; baseline -0.005 -11"><span class='ocrx_word' id='word_1_197' title='bbox 308 1852 458 1903; x_wconf 82' lang='lat' dir='ltr'><strong>exiguis</strong></span> <span class='ocrx_word' id='word_1_198' title='bbox 485 1853 690 1900; x_wconf 73' lang='lat' dir='ltr'><strong>membris‚</strong></span> <span class='ocrx_word' id='word_1_199' title='bbox 708 1852 937 1902; x_wconf 64' lang='lat' dir='ltr'><strong>aspeeruque</strong></span> <span class='ocrx_word' id='word_1_200' title='bbox 962 1865 1039 1890; x_wconf 84' lang='lat' dir='ltr'><strong>non</strong></span> <span class='ocrx_word' id='word_1_201' title='bbox 1065 1852 1176 1890; x_wconf 84' lang='lat' dir='ltr'><strong>nimis</strong></span> <span class='ocrx_word' id='word_1_202' title='bbox 1206 1852 1374 1897; x_wconf 78' lang='lat' dir='ltr'><strong>decoro,</strong></span> <span class='ocrx_word' id='word_1_203' title='bbox 1395 1852 1592 1899; x_wconf 84' lang='lat' dir='ltr'><strong>ingentem</strong></span> 
     </span>
     <span class='ocr_line' id='line_1_28' title="bbox 310 1909 1590 1963; baseline -0.003 -12"><span class='ocrx_word' id='word_1_204' title='bbox 310 1914 493 1952; x_wconf 88' lang='lat' dir='ltr'><strong>virtutem</strong></span> <span class='ocrx_word' id='word_1_205' title='bbox 513 1914 780 1953; x_wconf 83' lang='lat' dir='ltr'><strong>occultaverat.</strong></span> <span class='ocrx_word' id='word_1_206' title='bbox 806 1913 957 1963; x_wconf 77' lang='lat' dir='ltr'><strong>Quibus</strong></span> <span class='ocrx_word' id='word_1_207' title='bbox 981 1926 1028 1953; x_wconf 79' lang='lat' dir='ltr'><strong>ex</strong></span> <span class='ocrx_word' id='word_1_208' title='bbox 1045 1913 1156 1953; x_wconf 87' lang='lat' dir='ltr'><strong>rebus</strong></span> <span class='ocrx_word' id='word_1_209' title='bbox 1175 1911 1342 1952; x_wconf 87' lang='lat' dir='ltr'><strong>multum</strong></span> <span class='ocrx_word' id='word_1_210' title='bbox 1359 1909 1590 1960; x_wconf 84' lang='lat' dir='ltr'><strong>Xanthippo</strong></span> 
     </span>
     <span class='ocr_line' id='line_1_29' title="bbox 305 1975 1588 2025; baseline -0.004 -10"><span class='ocrx_word' id='word_1_211' title='bbox 305 1976 463 2025; x_wconf 63' lang='lat' dir='ltr'><strong>ghriae,</strong></span> <span class='ocrx_word' id='word_1_212' title='bbox 491 1976 556 2015; x_wconf 88' lang='lat' dir='ltr'><strong>sed</strong></span> <span class='ocrx_word' id='word_1_213' title='bbox 589 1989 661 2015; x_wconf 89' lang='lat' dir='ltr'><strong>nec</strong></span> <span class='ocrx_word' id='word_1_214' title='bbox 689 1977 814 2016; x_wconf 87' lang='lat' dir='ltr'><strong>minus</strong></span> <span class='ocrx_word' id='word_1_215' title='bbox 841 1977 994 2016; x_wconf 81' lang='lat' dir='ltr'><strong>invidiae</strong></span> <span class='ocrx_word' id='word_1_216' title='bbox 1021 1977 1256 2016; x_wconf 79' lang='lat' dir='ltr'><strong>nascebatur.</strong></span> <span class='ocrx_word' id='word_1_217' title='bbox 1300 1977 1390 2025; x_wconf 78' lang='lat' dir='ltr'><strong>Quo</strong></span> <span class='ocrx_word' id='word_1_218' title='bbox 1416 1975 1458 2013; x_wconf 85' lang='lat' dir='ltr'><strong>in</strong></span> <span class='ocrx_word' id='word_1_219' title='bbox 1479 1986 1588 2011; x_wconf 82' lang='lat' dir='ltr'><strong>mon-</strong></span> 
     </span>
     <span class='ocr_line' id='line_1_30' title="bbox 308 2033 1590 2089; baseline -0.003 -13"><span class='ocrx_word' id='word_1_220' title='bbox 308 2037 382 2076; x_wconf 89' lang='lat' dir='ltr'><strong>stro</strong></span> <span class='ocrx_word' id='word_1_221' title='bbox 416 2038 659 2089; x_wconf 82' lang='lat' dir='ltr'><strong>profligando</strong></span> <span class='ocrx_word' id='word_1_222' title='bbox 697 2051 776 2077; x_wconf 90' lang='lat' dir='ltr'><strong>non</strong></span> <span class='ocrx_word' id='word_1_223' title='bbox 817 2038 962 2077; x_wconf 87' lang='lat' dir='ltr'><strong>minore</strong></span> <span class='ocrx_word' id='word_1_224' title='bbox 999 2038 1223 2088; x_wconf 81' lang='lat' dir='ltr'><strong>prudentia,</strong></span> <span class='ocrx_word' id='word_1_225' title='bbox 1259 2049 1372 2088; x_wconf 86' lang='lat' dir='ltr'><strong>quam</strong></span> <span class='ocrx_word' id='word_1_226' title='bbox 1409 2036 1448 2074; x_wconf 87' lang='lat' dir='ltr'><strong>in</strong></span> <span class='ocrx_word' id='word_1_227' title='bbox 1486 2033 1590 2073; x_wconf 79' lang='lat' dir='ltr'><strong>bello</strong></span> 
     </span>
     <span class='ocr_line' id='line_1_31' title="bbox 308 2094 1590 2150; baseline -0.004 -14"><span class='ocrx_word' id='word_1_228' title='bbox 308 2098 552 2138; x_wconf 75' lang='lat' dir='ltr'><strong>conficiendo</strong></span> <span class='ocrx_word' id='word_1_229' title='bbox 584 2099 697 2147; x_wconf 82' lang='lat' dir='ltr'><strong>usus,</strong></span> <span class='ocrx_word' id='word_1_230' title='bbox 726 2112 943 2150; x_wconf 84' lang='lat' dir='ltr'><strong>quanquam</strong></span> <span class='ocrx_word' id='word_1_231' title='bbox 975 2099 1176 2138; x_wconf 82' lang='lat' dir='ltr'><strong>diuturnus</strong></span> <span class='ocrx_word' id='word_1_232' title='bbox 1198 2098 1262 2148; x_wconf 80' lang='lat' dir='ltr'><strong>ipsi</strong></span> <span class='ocrx_word' id='word_1_233' title='bbox 1288 2097 1475 2136; x_wconf 56' lang='lat' dir='ltr'><strong>factorum</strong></span> <span class='ocrx_word' id='word_1_234' title='bbox 1503 2094 1590 2132; x_wconf 86' lang='lat' dir='ltr'><strong>suo-</strong></span> 
     </span>
     <span class='ocr_line' id='line_1_32' title="bbox 307 2155 1594 2210; baseline -0.004 -12"><span class='ocrx_word' id='word_1_235' title='bbox 307 2173 392 2207; x_wconf 80' lang='lat' dir='ltr'><strong>rum</strong></span> <span class='ocrx_word' id='word_1_236' title='bbox 414 2161 558 2200; x_wconf 62' lang='lat' dir='ltr'><strong>fruetus</strong></span> <span class='ocrx_word' id='word_1_237' title='bbox 587 2161 818 2210; x_wconf 75' lang='lat' dir='ltr'><strong>Carthagine</strong></span> <span class='ocrx_word' id='word_1_238' title='bbox 853 2160 1073 2209; x_wconf 85' lang='lat' dir='ltr'><strong>deberetur,</strong></span> <span class='ocrx_word' id='word_1_239' title='bbox 1097 2159 1307 2209; x_wconf 86' lang='lat' dir='ltr'><strong>relinquere</strong></span> <span class='ocrx_word' id='word_1_240' title='bbox 1334 2157 1416 2208; x_wconf 86' lang='lat' dir='ltr'><strong>spes</strong></span> <span class='ocrx_word' id='word_1_241' title='bbox 1443 2155 1594 2206; x_wconf 80' lang='lat' dir='ltr'><strong>ancipi-</strong></span> 
     </span>
     <span class='ocr_line' id='line_1_33' title="bbox 307 2217 1589 2273; baseline -0.004 -12"><span class='ocrx_word' id='word_1_242' title='bbox 307 2230 366 2261; x_wconf 87' lang='lat' dir='ltr'><strong>tes</strong></span> <span class='ocrx_word' id='word_1_243' title='bbox 400 2224 435 2261; x_wconf 88' lang='lat'>&amp;</span> <span class='ocrx_word' id='word_1_244' title='bbox 469 2223 689 2262; x_wconf 73' lang='lat' dir='ltr'><strong>insidiarum</strong></span> <span class='ocrx_word' id='word_1_245' title='bbox 720 2222 878 2273; x_wconf 83' lang='lat' dir='ltr'><strong>plenas,</strong></span> <span class='ocrx_word' id='word_1_246' title='bbox 906 2225 941 2262; x_wconf 65' lang='grc' dir='ltr'><strong>ἃ</strong></span> <span class='ocrx_word' id='word_1_247' title='bbox 974 2230 1061 2261; x_wconf 86' lang='lat' dir='ltr'><strong>ante</strong></span> <span class='ocrx_word' id='word_1_248' title='bbox 1090 2220 1342 2259; x_wconf 86' lang='lat' dir='ltr'><strong>mutationem</strong></span> <span class='ocrx_word' id='word_1_249' title='bbox 1373 2217 1589 2256; x_wconf 85' lang='lat' dir='ltr'><strong>animorum</strong></span> 
     </span>
     <span class='ocr_line' id='line_1_34' title="bbox 307 2277 1595 2334; baseline -0.005 -11"><span class='ocrx_word' id='word_1_250' title='bbox 307 2292 374 2323; x_wconf 89' lang='lat' dir='ltr'><strong>aut</strong></span> <span class='ocrx_word' id='word_1_251' title='bbox 390 2283 549 2323; x_wconf 78' lang='lat' dir='ltr'><strong>fortunae</strong></span> <span class='ocrx_word' id='word_1_252' title='bbox 576 2285 737 2324; x_wconf 86' lang='lat' dir='ltr'><strong>domum</strong></span> <span class='ocrx_word' id='word_1_253' title='bbox 758 2284 930 2334; x_wconf 80' lang='lat' dir='ltr'><strong>regredi,</strong></span> <span class='ocrx_word' id='word_1_254' title='bbox 946 2283 1063 2322; x_wconf 56' lang='lat' dir='ltr'><strong>statui*</strong></span> <span class='ocrx_word' id='word_1_255' title='bbox 1127 2282 1214 2322; x_wconf 90' lang='lat' dir='ltr'><strong>Hoc</strong></span> <span class='ocrx_word' id='word_1_256' title='bbox 1239 2280 1342 2318; x_wconf 89' lang='lat' dir='ltr'><strong>enim</strong></span> <span class='ocrx_word' id='word_1_257' title='bbox 1367 2277 1595 2330; x_wconf 79' lang='lat' dir='ltr'><strong>plerumque</strong></span> 
     </span>
    </p>
   </div>
   <div class='ocr_carea' id='block_1_3' title="bbox 206 2343 1590 2398">
    <p class='ocr_par' dir='ltr' id='par_1_5' title="bbox 206 2343 1590 2398">
     <span class='ocr_line' id='line_1_35' title="bbox 206 2343 1590 2398; baseline -0.005 -11"><span class='ocrx_word' id='word_1_258' title='bbox 206 2347 265 2387; x_wconf 52' lang='lat'><strong>“³5</strong></span> <span class='ocrx_word' id='word_1_259' title='bbox 302 2347 460 2397; x_wconf 86' lang='lat' dir='ltr'><strong>ingenio</strong></span> <span class='ocrx_word' id='word_1_260' title='bbox 488 2346 664 2389; x_wconf 83' lang='lat' dir='ltr'><strong>homines</strong></span> <span class='ocrx_word' id='word_1_261' title='bbox 691 2356 837 2398; x_wconf 80' lang='lat' dir='ltr'><strong>agunt,</strong></span> <span class='ocrx_word' id='word_1_262' title='bbox 873 2354 913 2385; x_wconf 91' lang='lat' dir='ltr'><strong>ut</strong></span> <span class='ocrx_word' id='word_1_263' title='bbox 939 2347 1067 2397; x_wconf 83' lang='lat' dir='ltr'><strong>patriae</strong></span> <span class='ocrx_word' id='word_1_264' title='bbox 1157 2345 1265 2384; x_wconf 86' lang='lat' dir='ltr'><strong>dium</strong></span> <span class='ocrx_word' id='word_1_265' title='bbox 1289 2345 1330 2382; x_wconf 89' lang='lat' dir='ltr'><strong>in</strong></span> <span class='ocrx_word' id='word_1_266' title='bbox 1358 2357 1443 2390; x_wconf 83' lang='lat' dir='ltr'><strong>ore,</strong></span> <span class='ocrx_word' id='word_1_267' title='bbox 1467 2343 1590 2392; x_wconf 65' lang='lat' dir='ltr'><strong>priva-</strong></span> 
     </span>
    </p>
   </div>
   <div class='ocr_carea' id='block_1_4' title="bbox 307 2467 1594 2563">
    <p class='ocr_par' dir='ltr' id='par_1_6' title="bbox 307 2467 1594 2563">
     <span class='ocr_line' id='line_1_36' title="bbox 356 2467 1594 2515; baseline -0.002 -12"><span class='ocrx_word' id='word_1_268' title='bbox 356 2472 377 2514; x_wconf 80' lang='lat'><em>§</em></span> <span class='ocrx_word' id='word_1_269' title='bbox 401 2472 542 2504; x_wconf 82' lang='lat' dir='ltr'>XXVII.</span> <span class='ocrx_word' id='word_1_270' title='bbox 556 2472 675 2515; x_wconf 83' lang='lat' dir='ltr'><strong>Polyb.</strong></span> <span class='ocrx_word' id='word_1_271' title='bbox 699 2471 813 2508; x_wconf 84' lang='lat' dir='ltr'><strong>Front.</strong></span> <span class='ocrx_word' id='word_1_272' title='bbox 825 2471 927 2507; x_wconf 82' lang='lat' dir='ltr'><strong>Strat.</strong></span> <span class='ocrx_word' id='word_1_273' title='bbox 942 2481 975 2515; x_wconf 86' lang='lat'><strong>2,</strong></span> <span class='ocrx_word' id='word_1_274' title='bbox 988 2474 1025 2507; x_wconf 79' lang='lat'><strong>2.&#39;</strong></span> <span class='ocrx_word' id='word_1_275' title='bbox 1038 2471 1127 2505; x_wconf 87' lang='lat' dir='ltr'><strong>Flor.</strong></span> <span class='ocrx_word' id='word_1_276' title='bbox 1147 2482 1180 2512; x_wconf 82' lang='lat'><strong>2,</strong></span> <span class='ocrx_word' id='word_1_277' title='bbox 1193 2481 1226 2505; x_wconf 86' lang='lat'><strong>2.</strong></span> <span class='ocrx_word' id='word_1_278' title='bbox 1241 2470 1381 2514; x_wconf 88' lang='lat' dir='ltr'><strong>Eutrop.</strong></span> <span class='ocrx_word' id='word_1_279' title='bbox 1397 2468 1417 2513; x_wconf 86' lang='lat'>§</span> <span class='ocrx_word' id='word_1_280' title='bbox 1434 2467 1594 2501; x_wconf 73' lang='lat' dir='ltr'>XXVIII.</span> 
     </span>
     <span class='ocr_line' id='line_1_37' title="bbox 307 2515 748 2563; baseline 0.005 -15"><span class='ocrx_word' id='word_1_281' title='bbox 307 2515 411 2551; x_wconf 84' lang='lat' dir='ltr'><strong>Diod.</strong></span> <span class='ocrx_word' id='word_1_282' title='bbox 432 2518 455 2553; x_wconf 90' lang='lat' dir='ltr'><strong>l.</strong></span> <span class='ocrx_word' id='word_1_283' title='bbox 479 2527 533 2563; x_wconf 78' lang='lat'><strong>23.</strong></span> <span class='ocrx_word' id='word_1_284' title='bbox 556 2528 610 2562; x_wconf 79' lang='lat' dir='ltr'><strong>ap.</strong></span> <span class='ocrx_word' id='word_1_285' title='bbox 635 2516 748 2553; x_wconf 78' lang='lat' dir='ltr'><strong>Valef.</strong></span> 
     </span>
    </p>
   </div>
  </div>
 </body>
</html>
