1701 3008
217 223 826 275 HISTORIARUM
875 223 1008 269 LIB.
1060 221 1123 269 X.
1301 239 1357 285 71

72 337 169 385 lum
202 334 383 383 Faliscis
411 334 626 381 indictum
655 330 745 377 est:
780 329 967 394 juffique
996 329 1199 378 consules
1234 317 1380 377 sorti(

73 412 136 471 ri,
154 423 253 459 uter
277 427 333 457 ex
352 408 537 456 Samnio
568 407 615 453 in
634 405 857 452 Etruriam
881 423 983 452 cum
1002 406 1203 453 exercitu
1223 407 1363 454 trans-

71 486 173 533 iret.
206 486 301 533 Jam
335 482 564 531 Carvilius
584 479 839 533 Volanam,
863 480 912 525 &
944 478 1256 525 Palumbinum
1277 516 1292 537 ‚
1312 482 1363 528 ὃς
1409 498 1424 502 ⁷

73 556 408 605 Herculaneum
436 571 492 602 ex
512 551 785 600 Samnitibus
810 564 1017 613 ceperat:
1046 552 1272 599 Volanam
1293 553 1366 600 in—

73 643 143 679 tra
163 647 333 694 paucos
359 629 451 676 dies
471 664 484 686 ,
504 625 819 674 Palumbinum
850 625 1011 671 eodem
1029 660 1042 681 ‚
1062 642 1154 687 quo
1181 626 1235 671 ad
1264 643 1366 671 mu-

74 721 154 751 ros
177 702 366 752 acceffit.
405 702 478 748 Ad
505 699 838 747 Herculaneum
865 698 932 744 bis
959 698 1090 744 etiam
1111 699 1244 762 {ignis
1264 699 1366 746 col-

73 775 173 823 latis
208 773 398 838 ancipiti
436 772 634 836 proelio,
665 773 715 819 &
753 787 859 818 cum
894 768 1066 831 majore
1098 769 1200 829 sua,
1232 789 1367 835 quam

73 849 268 897 hostium
285 885 300 908 ‚
326 847 492 909 jactura
522 844 770 893 dimicavit.
804 843 969 890 Castris
1001 843 1160 891 deinde
1185 845 1365 907 positis,

75 921 306 969 moenibus
341 919 518 967 hostem
552 917 745 965 inclufit.
804 928 1114 980 oppugnatum
1146 917 1369 980 oppidum

77 1007 368 1058 captumque.
390 995 441 1039 ln
467 991 535 1038 his
553 989 698 1037 tribus
722 989 912 1037 urbibus
935 1001 1062 1051 capta
1087 1001 1165 1036 aut
1185 989 1291 1036 caesa
1312 989 1368 1036 ad

78 1070 236 1118 decem
274 1066 414 1115 millia
448 1065 687 1113 hominum
716 1081 728 1111 ε
762 1063 824 1110 ita
854 1073 906 1109 ut
939 1078 1087 1125 parvo
1123 1062 1370 1111 admodum

77 1142 230 1206 plures
267 1152 549 1204 caperentur.
584 1136 884 1185 Sortientibus
910 1135 1168 1198 provincias
1201 1135 1371 1184 consu-

55 1278 58 1281 Α
78 1215 197 1263 libus
215 1250 230 1274 ,
251 1213 431 1264 Etruria
450 1210 672 1258 'Carvilio
701 1209 856 1259 evenit
889 1208 1129 1256 secundum
1153 1220 1264 1255 vota
1284 1208 1372 1255 mi-

79 1289 241 1347 litum,
263 1288 342 1353 qui
367 1286 465 1334 vim
491 1284 673 1349 frigoris
701 1282 789 1346 jam
819 1283 866 1329 in
899 1282 1081 1329 Samnio
1112 1299 1206 1330 non
1232 1282 1369 1345 patie-

79 1362 260 1410 bantur.
314 1358 496 1422 Papirio
532 1357 589 1404 ad
621 1355 849 1419 Saepinum
884 1353 1029 1418 major
1060 1354 1129 1402 vis
1169 1354 1368 1401 hostium

80 1432 256 1482 restitit.
302 1430 416 1494 saepe
443 1430 491 1477 in
520 1429 616 1478 acie
633 1465 647 1489 ,
673 1428 786 1492 saepe
812 1427 859 1475 in
883 1427 1084 1491 agmine,
1112 1427 1225 1490 saepe
1252 1427 1372 1475 circa

80 1507 225 1571 ipsam
257 1506 415 1552 urbem
443 1503 651 1553 adversus
682 1502 942 1565 eruptiones
973 1500 1167 1548 hostium
1199 1518 1371 1566 pugna-

81 1592 179 1628 tum
201 1597 212 1627 :
253 1595 400 1643 neque
432 1576 609 1624 obsidio
628 1611 643 1635 ‚
666 1591 812 1639 neque
831 1574 999 1622 bellum
1022 1591 1079 1620 ex
1098 1590 1230 1638 aequo
1250 1586 1342 1621 erat
1361 1592 1373 1622 ε

79 1669 182 1700 non
216 1651 337 1699 enim
370 1651 509 1698 muris
541 1648 680 1711 magis
715 1647 758 1695 se
791 1646 1036 1706 Samnites,
1070 1662 1205 1710 quam
1239 1647 1373 1694 armis

83 1740 138 1772 ac
165 1723 278 1771 viris
307 1721 506 1779 moenia,
525 1720 801 1767 tutabantur.
828 1718 1032 1765 Tandem
1057 1717 1303 1779 pugnando
1325 1717 1372 1762 in

82 1794 369 1860 obfidionem
399 1793 556 1856 justam
587 1791 738 1855 coegit
757 1790 935 1839 hostes:
968 1789 1306 1853 obsidendoque
1318 1789 1374 1838 ,vi

81 1879 219 1931 atque
256 1866 472 1929 operibus
504 1865 663 1913 urbem
696 1862 992 1927 expugnavit.
1043 1861 1194 1925 itaque
1226 1862 1281 1908 ab
1310 1863 1377 1909 ira

84 1940 186 2004 plus
214 1939 347 1987 caedis
370 1938 568 1995 editum,
593 1949 721 2002 capta
753 1937 890 1984 urbe:
912 1935 1077 1998 septem
1105 1934 1243 1981 millia
1261 1952 1377 1998 qua-

84 2012 315 2077 dringenti
338 2010 472 2058 caefi:
503 2024 632 2073 capta
650 2010 798 2062 minus
832 2008 915 2054 tria
946 2007 1087 2053 millia
1115 2007 1377 2054 hominum:

86 2087 240 2150 praeda
256 2123 272 2146 ‚
299 2102 404 2150 quae
434 2084 628 2148 plurima
647 2082 733 2130 fuit
749 2118 761 2139 ,
783 2080 1006 2145 congestis
1029 2080 1292 2127 Samnitium
1311 2095 1379 2127 re·

86 2158 170 2205 bus
200 2159 247 2206 in
282 2159 414 2206 urbes
444 2172 637 2220 pauca5‚
664 2155 799 2203 militi
825 2153 1030 2202 concessa
1060 2152 1137 2198 est.

153 2235 315 2281 XLVI.
353 2231 498 2279 Nives
529 2230 618 2293 jam
651 2229 806 2277 omnia
833 2227 1157 2290 oppleverant,
1189 2241 1273 2273 nec
1298 2225 1379 2271 du-

87 2310 178 2357 rari
211 2320 337 2356 extra
370 2309 481 2355 tecla
512 2318 725 2370 poterat:
760 2305 907 2367 itaque
943 2301 1100 2350 consul
1133 2300 1380 2347 exercitum

89 2382 146 2428 de
179 2381 364 2428 Samnio
398 2379 601 2427 deduxit.
623 2426 625 2428 ,
648 2376 866 2424 Venienti
899 2377 1095 2422 Romam
1126 2373 1379 2434 triumphus

91 2452 298 2500 omnium
329 2451 549 2499 consensu
571 2450 634 2498 est
663 2449 851 2496 delatus.
895 2443 1193 2508 triumphavit
1219 2443 1267 2488 in
1287 2458 1378 2487 ma-

91 2525 274 2591 gistratu
288 2560 304 2585 ‚
322 2523 503 2589 insigni,
518 2534 568 2571 ut
586 2522 774 2571 illorum
793 2534 1048 2584 temporum
1070 2516 1352 2563 habituscrat
1366 2549 1379 2570 ,

1057 2594 1093 2638 E
1112 2607 1143 2650 4
