1701 3008
261 186 341 237 iN
386 183 1135 238 LOC.L113.XV11L1V.
1272 200 1358 256 225

88 295 251 348 gessere,
275 298 310 338 δε
335 296 529 348 utriusque
554 296 684 336 insulae
709 297 996 346 dominatione,
1018 304 1154 348 praeter
1176 295 1362 338 inacceffa

85 357 175 398 loca
201 359 315 409 potiti
345 358 442 398 sunt.
480 359 555 399 Sed
577 360 667 409 quia
688 359 837 398 facilius
864 368 943 398 erat
967 359 1078 398 rudes
1107 360 1143 398 &
1168 358 1268 398 feros
1294 358 1365 398 ho-

87 423 213 459 mines
238 421 413 469 vincere,
439 434 553 471 quam
576 421 755 470 dornare3
779 429 864 460 tum
891 421 987 471 alia,
1011 421 1148 472 quibus
1178 434 1242 461 eos
1271 434 1365 461 con-

89 481 277 530 tinerent,
300 484 595 533 excogitarunt,
617 491 699 522 tum
726 483 843 523 etiam
866 495 942 533 quo
963 496 1020 522 res
1035 483 1120 523 vitae
1142 483 1365 523 necessarias

90 554 141 583 ex
158 543 287 582 Africa
309 552 437 594 petere
458 551 704 595 cogerentur,
730 544 919 594 quidquid
943 543 1067 583 ubivis
1091 544 1245 595 frugum
1267 544 1366 584 fruc⁴

90 610 250 643 tuumve
274 616 378 655 erat,
399 614 671 657 corruperant,
697 608 814 645 etiam
839 605 1027 657 supplicio
1059 607 1192 647 mortis
1219 608 1368 657 indigea

89 668 150 706 nis
171 664 387 718 proposito,
409 669 432 707 fi
460 670 542 719 quis
566 668 641 707 tale
661 669 754 718 quid
774 668 893 708 serere
915 677 981 708 aut
1002 668 1174 720 plantare
1193 670 1367 712 instituis-

91 729 149 770 set
177 745 185 770 :
220 733 344 771 donec
371 727 486 783 longa
518 732 797 771 consuetudine
831 727 923 771 facti
955 733 1124 771 mitiores
1157 735 1369 785 imperium

90 792 321 849 aequioribus
351 797 487 832 animis
512 797 592 844 pati
621 795 849 834 didicerunt.
879 795 958 835 Has
985 795 1033 833 ad
1052 794 1190 835 insulas
1216 797 1370 847 naviga-

89 853 236 892 tionem
260 864 307 892 eo
329 861 503 905 tempore
537 855 580 894 L.
602 855 800 894 Cornetius
828 853 960 892 consul
989 854 1159 896 instituit.
1196 857 1233 895 &
1264 857 1370 906 prius

91 916 249 966 quidem
275 916 314 954 in
340 915 489 956 Corsica
511 915 648 954 urbem
671 915 907 965 expugnavit
935 914 1126 956 Aleriam:
1155 928 1231 966 quo
1263 917 1368 957 facto

89 985 236 1016 ceteras
259 976 373 1017 facile
400 980 436 1018 Sc
457 978 550 1017 citra
569 977 741 1016 laborem
769 985 836 1016 aut
859 977 1072 1028 periculum
1093 979 1277 1027 adjunxit.
1305 979 1370 1019 In·-²

92 1039 141 1078 de
159 1038 371 1078 Sardiniam
387 1039 532 1089 petenti
549 1038 671 1079 claffis
687 1038 853 1077 occurrit
874 1036 1059 1080 hostium:
1083 1051 1198 1089 quarn
1223 1038 1369 1090 aggres-

91 1094 153 1140 sus
185 1095 338 1150 consul,
369 1108 573 1152 antequam
599 1102 647 1142 ad
673 1114 808 1140 manus
841 1108 998 1140 ventum
1032 1100 1149 1149 effet,
1171 1102 1213 1141 in
1235 1102 1369 1153 fugam

94 1163 273 1211 conjecit.

150 1223 275 1264 XVII.
305 1223 403 1264 Mox
430 1223 478 1263 ad
506 1218 660 1264 Olbiam
686 1216 904 1274 profectus,
921 1237 1011 1263 cum
1032 1226 1072 1264 in
1093 1232 1206 1275 portu
1229 1222 1372 1264 multas

95 1283 466 1336 Carthaginiensium
491 1298 604 1325 naves
628 1286 720 1325 stare
738 1285 912 1334 vidisset,
939 1299 1062 1337 neque
1088 1286 1125 1326 se
1149 1286 1236 1326 satis
1261 1300 1281 1326 a
1303 1298 1373 1338 pe-

94 1346 205 1386 destri
235 1346 371 1386 robore
413 1346 634 1386 instructum
660 1347 707 1386 ad
737 1348 1062 1397 oppugnationem
1099 1347 1202 1387 urbis
1227 1348 1297 1386 situ
1333 1349 1372 1388 &

98 1406 341 1446 defensorum
362 1405 609 1446 multitudine
632 1406 767 1446 validae
787 1405 977 1454 crederet,
993 1407 1127 1447 omisso
1153 1409 1192 1447 in
1208 1407 1371 1459 praesens

93 1468 250 1519 negotio
267 1499 278 1516 ‚
303 1466 462 1507 domum
489 1468 538 1508 ad
566 1468 692 1520 plures
723 1468 861 1508 milites
895 1468 1136 1508 assumendos
1166 1469 1373 1522 abnaviga-

95 1531 162 1569 vit.
196 1530 261 1570 Per
282 1527 385 1569 idem
409 1538 561 1581 tempus
589 1530 728 1570 servilis
753 1533 792 1570 in
814 1531 906 1570 urbe
928 1538 1055 1570 motus
1078 1533 1176 1570 inter
1200 1531 1278 1583 ipsa
1300 1530 1372 1572 ini-

96 1595 152 1632 tia
179 1590 340 1631 feliciter
363 1592 620 1643 compressus,
646 1606 783 1643 magna
811 1593 1088 1643 rempublicam
1114 1593 1372 1635 sollieitudine

95 1653 207 1694 simul
229 1653 376 1701 affecit,
406 1656 441 1694 ἅ
467 1653 650 1693 liberavit.
683 1655 740 1694 Ad
765 1654 914 1694 classem
937 1655 1190 1695 instruendam
1209 1669 1257 1695 ex
1280 1670 1371 1707 gen-

94 1713 196 1756 tibus
222 1728 354 1755 recens
382 1713 540 1756 devietis
568 1715 717 1755 navales
745 1716 835 1755 socii
862 1717 1079 1768 frequentes
1104 1717 1369 1769 cogebantur:

96 1790 305 1827 eorumque
329 1785 411 1817 tum
435 1776 483 1817 ad
503 1788 666 1828 quatuor
683 1777 801 1816 millia
823 1775 952 1818 Romae
969 1787 1249 1828 convenerant,
1264 1781 1369 1820 Sam-

94 1840 195 1878 nites
221 1838 403 1888 plerique.
443 1839 490 1888 ii,
509 1840 612 1889 quod
638 1852 658 1878 a
687 1839 779 1878 mari
810 1839 1080 1889 abhorrerent,
1105 1839 1370 1882 conditionem

94 1897 201 1938 suam
234 1898 383 1938 secretis
414 1899 648 1940 sermonibus
679 1899 866 1948 miserati,
899 1913 944 1938 eo
976 1900 1092 1951 usque
1125 1901 1371 1952 exarserunt,

95 1969 141 1999 ut
170 1959 303 1998 urbem
330 1958 532 2000 incendere
554 1970 670 2010 atque
696 1961 856 2011 diripere
881 1963 1116 2010 agitaverint.
1143 1964 1299 2013 jamque
1318 1964 1368 2004 ad

94 2023 167 2063 tria
197 2021 388 2062 servorum
418 2023 535 2063 millia
565 2024 604 2062 in
633 2025 793 2063 eandem
822 2023 1048 2063 sententiam
1083 2034 1370 2076 pertraxerant,

97 2082 270 2133 quotidie
297 2083 470 2124 sumente
499 2084 593 2123 vires
623 2083 925 2134 conspiratione,
954 2096 1043 2122 cum
1076 2083 1183 2124 Erius
1211 2085 1370 2125 Potilius

97 2147 294 2197 praefectus
332 2147 563 2187 auxiliorum
597 2147 777 2198 prudenti
817 2146 972 2186 consilio
1002 2146 1214 2198 periculum
1252 2159 1369 2187 omne

99 2209 278 2249 discussit.

148 2272 293 2314 XVIII.
315 2271 503 2313 Simulato
533 2275 636 2313 enim
662 2272 831 2323 ejusdem
852 2272 1026 2313 factionis
1048 2273 1195 2322 studio,
1220 2272 1365 2313 machi-

143 2399 165 2441 §
185 2399 276 2432 XVI.
291 2402 405 2434 senec.
427 2396 592 2434 consolat.
616 2401 653 2434 ad
677 2402 777 2436 Helv.
803 2413 831 2434 c.
854 2401 884 2434 8.
905 2400 1002 2435 Arist.
1031 2392 1116 2446 περὶ
1140 2392 1368 2445 δεωμεισίων

95 2442 364 2495 ἀκουσμάτων.
394 2451 544 2484 Freinsh.
563 2452 602 2484 ad
625 2452 711 2485 Flor.
732 2462 751 2484 2
765 2477 776 2493 ,
797 2463 814 2484 2
830 2476 839 2491 ,
865 2450 915 2485 16.
939 2449 1062 2484 Zonar.
1088 2451 1110 2494 5
1139 2450 1246 2486 xvu.
1265 2448 1370 2483 Oxos.

93 2507 133 2538 4»
162 2506 195 2536 7*

162 2551 213 2596 T.
243 2550 335 2597 Liv.
381 2551 479 2596 Vol.
509 2551 599 2596 III.
1076 2548 1110 2602 Ρ,
