1701 3008
248 198 342 274 ,IN
377 228 1110 280 Loc.Liss.X111L1v.
1245 251 1332 299 129

37 335 190 390 peritate
205 349 348 389 potero,
370 335 464 376 nihil
484 339 619 376 deerit:
653 352 717 376 vos
742 351 856 377 autem
884 341 1073 391 pecuniam
1102 344 1152 380 ad
1171 358 1253 391 eos,
1275 344 1334 395 qui

44 400 113 438 hac
131 400 288 452 indigent
302 430 314 446 ,
329 411 508 453 reportate.
542 399 718 450 Denique
740 401 859 440 vitam
888 401 1101 442 universam
1121 404 1169 443 sic
1191 405 1330 456 exegit,

42 472 87 499 ut
109 461 149 499 in
175 460 387 500 hereditate
411 462 493 511 ejus
519 474 599 500 non
633 461 746 511 estet,
770 463 873 502 unde
904 463 1072 503 filiarum
1108 467 1177 505 dos
1211 480 1334 518 expe-

44 523 211 563 diretur:
244 522 407 574 gloriosa
432 531 682 574 paupertate⁷
702 536 794 564 cum·
821 537 871 564 ex
898 527 1028 565 aerario
1057 527 1215 576 publico
1241 541 1333 568 ero-

43 594 132 636 gata
158 587 323 637 pecunia
339 586 523 626 Senatum
545 587 707 636 puderet
729 588 924 627 indotatas
946 589 1024 639 pati
1046 590 1224 640 virgines,
1241 604 1334 641 quas

43 656 195 699 patrem
214 661 292 687 non
319 647 514 699 puduerat
537 649 591 687 ita
617 648 841 699 relinquere.
876 650 951 688 Sed
976 652 1011 689 ἃ
1037 650 1338 692 ceteri'Senatus

44 710 237 761 principes
262 710 398 748 eadem
426 709 547 748 ferme
571 711 712 749 virtute
739 709 1016 761 tolerantiaque
1045 723 1128 751 tum
1159 713 1336 764 agebant.

44 770 100 811 Ex
123 770 260 821 quibus
277 769 337 819 Q.
359 768 521 809 Fabium
536 770 776 818 Maximum,
802 773 867 821 qui
883 774 997 810 toties
1021 773 1060 811 in
1076 772 1233 812 summis
1259 775 1333 813 im-

44 832 161 882 periis
193 832 348 879 fuerat,
381 832 448 882 qui
484 831 652 871 Censura
688 833 788 883 gesta
824 832 999 872 noluerat
1030 835 1165 874 iterum
1193 835 1332 875 Censor

44 892 153 941 fieri,
176 905 340 943 negans,
357 908 402 931 ex
431 895 496 946 usu
520 894 732 946 Reipublicae
757 895 893 940 videri,
911 908 950 932 ut
975 896 1078 933 iidem
1096 897 1228 948 soepl'tls
1253 898 1335 935 Cet:-

20 984 23 985 ⁷
42 956 142 1009 fhres
164 968 356 994 crearentur
369 971 386 1002 ‚·
412 955 523 994 simili
549 957 585 994 ὃς
600 957 835 1006 paupertatis
853 958 888 996 Sc
909 958 1048 996 amoris
1071 957 1217 1007 publici
1240 957 1338 996 testi-

49 1019 184 1057 monio
209 1016 376 1068 populus
394 1017 594 1057 Romanus
611 1017 751 1057 affecit.
770 1028 924 1057 mortuo
947 1021 1050 1058 enim
1074 1026 1223 1057 tantum
1246 1031 1338 1057 con-

46 1079 154 1125 geffit
175 1081 255 1120 aeris
269 1111 279 1128 ‚
299 1089 340 1119 ut
359 1079 449 1119 inde
468 1079 568 1120 filius
587 1082 636 1136 Q.
654 1081 802 1131 Gurges
819 1082 853 1120 &
873 1079 1167 1120 viscerationem
1185 1084 1219 1120 ὁὶ
1243 1093 1335 1130 epu„

46 1136 129 1176 lum
151 1137 307 1186 publice
332 1139 451 1174 daret.

100 1211 257 1252 XXlx.
302 1211 437 1252 Curius
468 1210 516 1250 ab
552 1209 689 1250 eadem
720 1210 925 1252 altitudine
955 1214 1070 1254 animi
1100 1216 1331 1257 Sabinorum

47 1286 218 1321 munera,
235 1274 566 1323 quemadmodum
582 1274 778 1314 Fabricius
793 1276 1000 1315 Samnitica
1015 1305 1026 1324 ,
1045 1277 1195 1328 sprevit.
1215 1278 1333 1317 ffimi-

45 1334 119 1376 lius
150 1337 272 1387 Papus
290 1337 330 1375 in
354 1335 544 1388 plerisque
570 1336 846 1388 magistratibus
868 1338 1018 1390 collega
1039 1339 1223 1388 Fabricii,
1243 1340 1332 1381 Tib.

49 1398 142 1437 item
178 1397 445 1437 Coruncanius
466 1429 478 1448 ‚
508 1398 648 1449 aliique
682 1398 852 1449 praeclari
879 1400 979 1448 viri,
1008 1413 1053 1439 ex
1083 1401 1334 1440 similitudine

42 1470 202 1498 'morum
231 1459 457 1500 amicissime
483 1460 581 1499 inter
602 1460 640 1499 se
667 1460 1052 1512 conjunctiffimeque
1073 1463 1270 1502 vixerunt:
1293 1472 1335 1501 ut

48 1533 135 1559 vere
157 1520 252 1560 mihi
280 1531 500 1573 temporum
528 1521 684 1562 illorum
703 1522 871 1573 speciem
897 1524 1099 1574 amplexus
1120 1526 1248 1564 animo
1274 1526 1334 1564 vi-

48 1579 182 1621 deatur
199 1591 328 1633 poeta,
348 1584 411 1634 qui
428 1583 577 1622 moribus
592 1584 742 1636 viriffiue
754 1586 912 1637 antiquis
931 1601 996 1623 rem
1013 1589 1207 1625 Romanam
1211 1587 1335 1639 stetzffi

48 1643 283 1694 praedicavit.
318 1644 385 1684 His
412 1645 525 1696 igitur
544 1644 816 1685 animadversis
842 1647 1085 1698 expenlisque
1105 1648 1240 1696 rebus,
1257 1662 1337 1687 ma-

52 1705 134 1754 jore
160 1706 424 1755 componendi
452 1718 541 1745 cum
576 1705 648 1745 hac
674 1716 789 1758 gente
826 1707 917 1747 belli
954 1709 1138 1749 desiderio
1172 1708 1334 1761 Pyrrhus

52 1767 336 1816 inflammatus,
359 1767 550 1808 ducentos
580 1781 629 1809 ex
652 1770 811 1821 captivis
836 1772 1010 1822 protinus
1036 1771 1110 1811 sine
1136 1773 1259 1822 pretio
1282 1786 1335 1811 re-

49 1829 196 1869 stituit:
237 1831 395 1879 ceteris,
421 1831 446 1869 fi
474 1833 541 1882 qui
572 1831 620 1871 ad
646 1832 818 1872 instantia
849 1833 1061 1874 Saturnalia
1095 1835 1259 1874 Romam
1286 1835 1335 1874 ad

48 1891 226 1931 visendos
258 1890 346 1931 suos
379 1893 567 1943 proficisci
591 1903 803 1945 cuperent,
832 1897 914 1944 ejus
939 1897 993 1935 rei
1021 1896 1247 1949 potestatem
1271 1896 1336 1935 fe-

49 1954 127 2001 cit3
153 1952 264 1992 unius
289 1952 452 1993 Fabricii
481 1954 632 1994 secutus
658 1954 797 2003 fidem,
822 1957 887 2005 qui
914 1958 1105 2009 reversuros
1132 1957 1262 1995 exaHis
1276 1956 1335 2009 fi:-

45 2018 135 2063 riis,
162 2017 230 2068 ulfi
253 2031 329 2069 pax
357 2018 483 2056 interea
516 2018 747 2070 convenfft‚
781 2017 1048 2069 spoponderat.
1089 2017 1213 2068 anue
1246 2027 1332 2057 tum

50 2081 85 2121 δε
114 2081 278 2132 gravitas
305 2082 487 2130 Senatus,
513 2084 548 2122 ἃ
575 2082 806 2135 singulorum
836 2082 930 2121 fides
956 2081 1052 2129 fuit,
1080 2090 1122 2120 ut
1153 2082 1200 2120 ad
1231 2082 1333 2121 diem

48 2154 69 2182 a
91 2142 262 2183 Patribus
288 2142 534 2191 praestitutam
558 2144 714 2183 universi
736 2143 877 2194 Pyrrho
900 2144 936 2183 sc
952 2144 1215 2192 restituerent;
1235 2144 1336 2195 post-

48 2218 162 2257 quam
189 2205 412 2247 obfirmatos
437 2204 591 2247 suorum
611 2208 758 2248 animos
780 2207 978 2259 impellere
996 2207 1256 2258 nequidquam
1278 2215 1334 2246 te·

46 2269 266 2309 tendiffent.

93 2395 116 2439 β
141 2395 297 2431 XXVIII.
316 2397 394 2434 Val.
422 2398 514 2433 Max.
546 2410 590 2443 4,
611 2412 687 2445 4,3
721 2399 753 2435 8(
778 2412 830 2445 io.
856 2399 983 2446 Hygin.
1005 2414 1058 2447 ap.
1084 2402 1189 2444 Agell.
1213 2413 1250 2441 ῐ,
1279 2412 1328 2440 14»

47 2438 144 2473 Aust.
167 2443 207 2476 de
228 2444 302 2476 Vir.
318 2444 365 2477 ill.
397 2446 419 2488 §
446 2445 568 2478 XXIX.
599 2447 669 2480 Cic.
697 2447 775 2486 Leg.
796 2443 879 2480 Eun.
906 2461 957 2491 ap.
989 2448 1058 2481 Cic.
1080 2448 1119 2480 de
1144 2447 1240 2490 Resp.
1265 2449 1284 2478 l.
1306 2459 1329 2483 ᾖ.

49 2485 278 2564 Αυςζῦἰεῑεὶν.
294 2488 359 2521 Dei
379 2499 418 2530 23
436 2499 491 2523 21.
507 2489 587 2525 Just.
615 2490 675 2533 18,
702 2502 731 2525 1.
746 2483 837 2525 Plur.
856 2493 890 2524 in
913 2492 1031 2536 Pyrrh.
1054 2505 1082 2525 c.
1102 2504 1158 2532 44·
1178 2494 1321 2535 Apprau.

46 2540 99 2574 ap.
168 2544 181 2564 r
202 2556 209 2563 .

117 2596 169 2641 T.
193 2595 286 2642 Lir.
312 2599 408 2643 Vol.
436 2598 522 2645 III.
1039 2601 1056 2643 1
