1701 3008
323 180 390 240 '90
454 173 552 222 JO.
595 169 1104 220 FREINSHEMII
1150 166 1516 217 SUPPLEMs

323 281 575 333 patientiam,
591 281 690 318 inter
716 276 902 328 angustias
928 276 981 315 rei
1004 275 1200 315 fam-iliaris
1215 275 1312 315 nihil
1329 274 1614 327 recusantium,

321 343 458 383 fenfim
479 343 651 394 neglecta
664 371 676 390 ,
698 340 871 390 ejusdem
893 338 1058 390 exempli
1079 351 1211 378 recens
1228 338 1374 378 factum
1397 336 1612 378 admonueae

320 407 394 454 xit,
426 414 466 445 ut
490 405 530 443 in
563 403 756 456 posterum
781 414 825 440 ea
850 402 899 440 de
926 400 1037 440 causa
1065 400 1216 451 plenius
1251 408 1363 450 atque
1392 399 1610 450 diligentius

324 474 535 506 caveretur.
566 465 642 506 Sed
668 462 816 515 populo
847 475 924 501 non
954 462 1071 500 modo
1093 473 1217 509 nexu,
1238 474 1371 500 verum
1396 461 1514 499 etiam
1539 460 1615 498 foe·

321 528 427 567 noris
451 525 590 573 saevitia
613 524 764 565 liberari
791 524 986 575 cupienti,
1009 531 1122 576 gratae
1143 522 1234 561 licet
1262 522 1414 561 ultionis
1443 521 1611 572 legisque

323 590 552 642 impetratio
565 602 646 629 non
669 588 863 627 satisfecit.
900 587 1067 633 Verum,
1088 595 1130 623 ut
1153 584 1193 623 in
1219 584 1363 623 'morbis
1383 583 1613 635 quibusdam

320 653 531 694 acrioribus
556 651 815 691 remediorum
844 647 1042 699 diligentia
1068 660 1158 687 cum
1181 646 1378 698 mitigatus
1399 645 1520 685 videri
1540 658 1614 695 po-

323 714 422 763 test,
452 713 571 764 magis
603 712 826 754 accenditur
855 708 966 749 dolor
980 723 996 758 3v
1014 722 1094 747 non
1123 707 1246 747 multo
1273 707 1357 758 post
1384 707 1482 747 adeo
1506 704 1615 745 exula-

327 784 456 816 cerata
479 788 539 815 res
567 775 644 822 est,
661 782 707 813 ut
733 786 823 812 cum
843 771 986 810 tribuni
1005 770 1128 821 plebis
1147 769 1273 820 legem
1303 769 1352 810 de
1371 768 1479 808 novis
1503 768 1617 806 tabu-

326 839 374 879 lis
391 838 542 878 summo
564 836 647 876 nisu
671 836 837 887 perferre
850 833 1149 880 contenderent,
1169 844 1291 882 neque
1313 830 1527 871 minoribus
1545 838 1614 869 aut

328 902 450 952 copiis
479 910 546 940 aut
581 898 718 939 animis
753 911 774 937 a
803 895 1053 935 creditoribus
1082 894 1332 942 resisteretur,
1349 892 1459 944 plebs
1481 903 1616 931 exem·

328 963 395 1015 plo
417 965 607 1012 majorum
626 959 721 1000 urbe
740 958 870 999 relicta
884 987 895 1006 ,
912 964 1014 996 trans
1040 968 1193 995 amnem
1208 955 1248 994 in
1267 953 1487 1004 janiculum
1503 966 1614 993 mon-

326 1034 409 1065 tem
449 1025 643 1065 secederet
669 1036 680 1062 ;
718 1021 906 1073 obstinat-p
935 1016 1123 1066 confilio,¹
1142 1017 1208 1056 nifi
1238 1030 1278 1057 re
1305 1018 1508 1067 impetrata
1521 1046 1538 1066 ,Ξ
1560 1016 1610 1055 ad

322 1095 482 1140 penates
505 1087 591 1126 suos
616 1098 695 1124 non
720 1081 918 1123 redeundi.

386 1148 543 1189 XXVI.
591 1147 690 1186 Cum
717 1157 853 1195 parum
880 1139 1057 1181 adversus
1084 1138 1167 1180 haec
1197 1139 1281 1191 opis
1315 1138 1356 1177 in
1387 1137 1609 1184 consulibus

322 1210 437 1259 esset,
453 1211 471 1263 (
485 1209 540 1250 M.
561 1207 758 1249 Valerium
772 1205 942 1246 Potitum
955 1235 966 1252 ,
983 1203 1027 1246 C.
1045 1201 1186 1243 JElium
1212 1203 1355 1242 Paetum
1381 1200 1490 1240 fuiffe
1517 1213 1612 1239 con-

321 1272 487 1323 jiciunt)
516 1272 565 1311 ad
591 1270 772 1310 ultimum
801 1267 927 1306 arduis
955 1264 1194 1316 temporibus
1228 1264 1449 1304 remedium
1468 1264 1612 1303 deven-

321 1344 406 1375 tum
430 1334 506 1383 est,
524 1340 567 1372 ut
593 1333 758 1372 distator
782 1330 984 1368 diceretur.
1005 1328 1127 1367 dietus
1151 1328 1207 1366 est
1230 1329 1280 1377 Q
1307 1320 1544 1367 Hortensius.
1575 1327 1613 1366 Is

321 1396 506 1437 adhibitis
521 1426 534 1443 ,
558 1407 642 1445 quae
661 1401 814 1444 tempus
845 1393 881 1431 (ἐξ
902 1390 1014 1430 causa
1032 1388 1271 1441 postulabat,
1290 1389 1469 1428 fomentis
1482 1419 1494 1438 ,
1520 1401 1611 1428 cum

323 1470 372 1497 eo
393 1456 562 1496 maxime
585 1454 749 1494 distineri
787 1465 923 1504 pacem
949 1451 1112 1490 civitatis
1135 1450 1366 1502 intelligeret
1380 1481 1392 1500 ,
1411 1450 1515 1502 quod
1540 1450 1613 1489 seia

322 1527 363 1558 ta
386 1518 452 1558 sua
471 1516 692 1564 contemni,
721 1515 922 1566 legemque
943 1512 1146 1554 Publiliam
1169 1512 1293 1564 sperni
1316 1512 1425 1563 plebs
1453 1511 1616 1562 indigne·

322 1578 462 1626 ferret,
489 1589 708 1627 quanquam
732 1576 862 1615 multis
890 1574 1193 1623 reluctantibus,
1217 1574 1436 1613 cedendum
1460 1581 1615 1624 tempo-

322 1639 430 1678 ribus
450 1638 524 1678 effe
544 1638 713 1678 censuit:
741 1650 915 1687 novaque
935 1636 1019 1687 lege
1040 1637 1080 1674 in
1096 1635 1269 1676 Esculeto
1291 1634 1369 1675 lata
1388 1636 1531 1674 iterum
1548 1646 1612 1673 ac-

323 1703 493 1742 curatius
517 1701 667 1748 sanxst,
691 1713 729 1739 ut
745 1732 754 1750 ,
777 1702 870 1753 quod
895 1701 1012 1754 plebes
1033 1699 1198 1753 juffiffit,
1231 1713 1347 1737 omnes
1372 1698 1529 1749 Quirites
1553 1709 1616 1735 te-

325 1778 430 1805 neret.
471 1765 541 1805 His
577 1764 732 1815 aliisque
762 1762 981 1802 lenimentis
1007 1770 1186 1803 revocata
1211 1761 1259 1801 ad
1292 1760 1541 1800 concordiam
1571 1761 1608 1798 &

322 1828 420 1868 lares
444 1827 531 1867 suos
555 1827 695 1879 plebe,
723 1827 886 1866 diclator
913 1826 987 1864 five
1014 1823 1139 1864 morbi
1165 1822 1286 1862 subita
1310 1822 1371 1870 vi,
1401 1822 1475 1860 five
1511 1821 1615 1860 curis

327 1894 365 1931 ἃ
394 1890 587 1930 laboribus
613 1889 836 1941 oppressus,
860 1890 964 1940 quod
991 1896 1102 1928 antea
1128 1887 1274 1929 nemini
1303 1885 1539 1936 contigerat,
1567 1884 1609 1922 in

329 1954 547 2005 magistratu
580 1961 753 1993 mortuus
786 1952 851 1991 est.
892 1951 989 1991 Inde
1016 1951 1141 1990 minor
1167 1948 1402 2001 aliquamdiu
1430 1947 1611 1987 ordinum·

324 2016 366 2054 in
380 2015 482 2056 Urbe
507 2014 678 2054 diffenfio
702 2014 802 2053 fuit:
829 2012 895 2052 sed
919 2012 1067 2062 imperii
1090 2011 1225 2051 senfim
1248 2010 1459 2050 deformata
1485 2007 1609 2057 digni-

322 2086 379 2117 tas
394 2107 406 2124 ‚
430 2089 521 2116 cum
541 2076 654 2127 plebe
679 2075 728 2115 ad
752 2073 1040 2114 ambitiosorum
1064 2072 1268 2112 hominum
1294 2069 1447 2110 fraudes
1469 2081 1606 2119 parum

327 2147 463 2187 cauta,
489 2141 524 2179 δε
552 2137 615 2177 vel
637 2137 831 2188 potestatis
860 2135 1080 2183 exercendae
1106 2133 1218 2174 causa
1238 2130 1471 2183 quibuslibet
1494 2143 1603 2179 roga-

326 2198 497 2238 tionibus
522 2198 754 2249 accipiendis
774 2196 898 2244 facili,
920 2195 1041 2234 multa
1063 2193 1330 2239 sciscerentur,
1351 2202 1433 2240 quae
1456 2188 1609 2238 reipub-

327 2260 412 2299 licae
430 2260 571 2304 decus,
589 2261 624 2297 ὁὶ
643 2259 691 2297 ad
716 2266 929 2296 extremum
953 2255 1034 2306 ipsa
1058 2253 1309 2293 fundamenta
1332 2248 1604 2289 convellerent.

329 2322 607 2360 documentum
623 2319 765 2372 insigne
779 2331 837 2357 res
852 2316 1080 2367 regentibus,
1097 2327 1145 2353 ne
1157 2313 1290 2364 vulgus
1302 2343 1316 2361 ,
1329 2312 1354 2351 fi
1371 2324 1410 2349 re
1426 2309 1607 2351 familiari

326 2382 535 2423 commoda
555 2381 610 2419 uti
629 2380 761 2431 poliit,
778 2383 923 2428 majora
942 2391 1021 2417 non
1045 2376 1302 2427 cogitaturum
1315 2404 1327 2425 ,
1345 2373 1607 2424 injuriis'opuo

370 2500 396 2547 5
420 2498 527 2537 xxv.
553 2498 630 2535 mv.
656 2497 696 2541 8,
723 2470 788 2533 ιε(
805 2496 932 2531 zonat„
954 2494 1033 2530 Liv.
1059 2493 1149 2540 Epit.
1176 2503 1233 2529 ιι.
