1701 3008
328 222 422 285 >336
491 214 1538 269 JO.FRE1NSHE21111SUPPLEM.

330 329 570 381 populusque
597 328 788 367 Romanus
815 338 864 364 ex
887 308 1076 364 manubiis
1095 325 1238 364 donum
1258 324 1428 375 Apollini
1444 324 1605 375 Delphi-

330 404 377 430 co
406 400 546 429 cratera
581 400 763 433 aureum,
797 389 831 425 ἃ
863 388 1008 426 circum
1040 389 1182 426 amicas
1208 385 1399 437 sociasque
1427 387 1605 426 civitates

330 465 434 492 arma
466 453 514 491 de
542 449 669 501 spoliis
695 448 851 488 Gallicis
877 448 1068 488 mitteret:
1102 449 1150 488 ad
1174 449 1383 488 Hieronem
1410 448 1608 500 Syracusa-

330 527 423 555 num
461 522 594 563 praeter
623 510 763 561 spolia,
791 509 941 550 miffum
967 511 1082 548 etiam
1109 511 1294 550 frumenti
1326 511 1494 561 pretium
1525 509 1605 558 est,

330 591 408 629 quo
440 578 538 617 inter
568 574 668 615 bella
695 574 837 614 Gallica
858 587 936 613 rem
964 575 1181 614 Roman'am
1201 577 1359 624 juverat.

384 647 478 687 LVI.
507 646 608 685 Novi
635 646 816 696 deinceps
839 645 961 684 hoste's
988 645 1069 685 Istri
1092 646 1240 693 exorti,
1263 645 1328 696 qui
1351 643 1511 695 piratico
1529 643 1607 708 sce-

329 708 408 752 lere
432 711 548 749 maria
572 709 788 749 infestantes
804 739 815 755 ,
837 709 1099 750 Romanorum
1126 709 1275 760 aliquot
1299 720 1413 747 naves
1440 708 1610 747 frumen-

328 774 443 813 tarias
471 773 715 822 diripuerant.
752 771 936 811 Adversus
964 771 1033 810 hos
1055 771 1170 811 ambo
1190 770 1441 818 consules‚P.
1467 771 1608 810 Corne.

327 825 435 884 liusq
452 835 509 875 M.
537 835 730 874 Minucius
752 833 874 874 Rufus
899 833 1020 882 misti,
1046 834 1187 874 multos
1209 833 1373 884 populos
1395 835 1433 873 vi
1452 842 1517 874 aut
1543 834 1610 873 de-

331 897 477 936 ditione
510 895 750 946 subegerunt.
790 894 1089 946 Triumphatum
1119 905 1248 934 tamen
1275 895 1323 934 ab
1353 895 1412 933 his
1438 908 1516 934 non
1542 908 1609 933 re-

328 959 459 1011 perio,
486 959 602 997 credo
628 959 715 1009 quia
739 956 862 997 multo
889 960 1004 998 etiam
1031 959 1210 999 Romano
1240 957 1421 1008 sanguine
1445 958 1606 998 victoria

330 1023 556 1063 constiterat.
586 1023 673 1062 Hoc
693 1035 792 1060 anno
809 1021 1012 1060 infaustum
1029 1021 1158 1070 multis
1180 1020 1355 1072 gentibus
1376 1019 1607 1069 urbibusque

334 1085 435 1125 fidus
458 1084 496 1121 in
523 1083 707 1133 Hispania
732 1091 908 1122 exortum
938 1083 989 1122 est
1011 1081 1260 1122 Hasdrubalis
1283 1081 1468 1121 successor
1493 1082 1609 1121 Han-

330 1145 463 1193 nibal,
486 1146 539 1194 de*
555 1146 662 1195 cujus
685 1145 799 1184 initiis
824 1145 1005 1196 gestisque
1029 1145 1149 1185 multa
1173 1146 1355 1196 deinceps
1376 1144 1511 1194 majori
1533 1142 1607 1193 spi·
1654 1182 1666 1189 ,

334 1208 411 1246 ritu
441 1207 602 1245 dicenda
633 1214 756 1245 erunt.
798 1207 948 1247 Interea
974 1209 1064 1246 novi
1092 1206 1264 1246 consules
1289 1207 1328 1247 L.
1341 1207 1544 1256 Veturius,
1562 1205 1608 1244 C.

330 1267 504 1309 Lutatius
532 1280 621 1307 cum
644 1269 814 1308 exercitu
834 1271 889 1311 ad
904 1269 1028 1321 ⁴Alpes
1055 1271 1235 1322 progreffi
1259 1270 1359 1312 sunt.
1388 1271 1452 1310 sed
1473 1271 1607 1310 condi-

330 1329 503 1368 tionibus
534 1330 676 1380 magis‚
702 1344 814 1381 quam
847 1332 959 1370 armis
992 1333 1069 1381 uli,
1099 1333 1240 1372 multos
1274 1346 1407 1372 eorum
1432 1332 1627 1373 locorum-

328 1391 496 1442 populos
516 1393 715 1432 voluntate
742 1394 911 1444 ipsorum
939 1396 987 1434 ad
1014 1396 1223 1435 amicitiam
1251 1397 1464 1436 Romanam
1487 1396 1609 1436 addu-

329 1464 480 1494 xerunt.
514 1456 661 1495 Bellum
694 1456 769 1496 hoc
793 1467 968 1507 tempore
1002 1471 1091 1497 cum
1120 1459 1257 1509 Illyriis
1281 1458 1527 1498 instauratum
1556 1457 1610 1496 est

308 1517 574 1568 ⁵improbitate
597 1518 782 1558 Demetrii
816 1518 963 1567 Pharii,
984 1520 1160 1559 adversus
1186 1533 1298 1582 quem
1331 1519 1399 1559 sub
1430 1521 1607 1560 amicitiae

328 1580 514 1629 Romana>
540 1591 723 1631 praetextu
748 1583 888 1623 vicinas
917 1585 1088 1624 civitates
1117 1585 1269 1624 arbitrio
1296 1584 1362 1624 suo
1379 1591 1605 1630 vexantem,

332 1643 512 1682 omnibus
539 1657 586 1683 ex
611 1646 780 1695 partibus
810 1647 970 1697 querelae
996 1657 1190 1688 venerunt.

390 1705 504 1745 LVII.
533 1707 630 1746 Nam
650 1708 767 1748 fretus
791 1712 982 1760 potentia,
1002 1724 1113 1761 quam
1141 1725 1161 1750 a
1177 1712 1299 1751 Teuta
1324 1710 1514 1750 deficienti
1531 1710 1607 1751 Ro-

330 1767 435 1807 mani
467 1769 826 1819 circumdederant,
855 1771 1048 1822 tutelaque
1076 1759 1171 1823 regis
1204 1772 1355 1818 Pinnei,
1384 1774 1491 1821 cujus
1528 1785 1609 1811 ma-

330 1836 429 1868 trem
454 1830 666 1870 Triteutam
697 1832 892 1872 connubio
925 1833 988 1872 fibi
1015 1836 1210 1882 junxerat,
1237 1847 1365 1883 regem
1397 1836 1431 1873 ἃ
1467 1833 1543 1884 ipse
1570 1833 1607 1872 se

317 1889 457 1929 ‘ferens
473 1921 484 1939 ‚
510 1891 757 1941 popularibus
783 1895 886 1943 juxta
902 1926 915 1940 ,
941 1894 1188 1945 finitimisque
1210 1897 1330 1946 gravis
1350 1898 1383 1934 ἃ
1402 1894 1608 1935 intoleran-

333 1951 405 1990 dus
428 1952 686 1993 incumbebat.
717 1955 766 1995 Et
790 1953 930 2005 Illyrici
958 1957 1112 2007 quidem
1139 1957 1325 2006 populos„
1344 1957 1606 1996 Romanorum

331 2011 454 2049 socios
477 2014 512 2051 Sc
529 2013 673 2053 amicos
689 2044 699 2061 ,
724 2014 798 2054 suae
822 2016 1071 2055 dominationi
1101 2017 1273 2056 studebat
1297 2017 1501 2066 subjicere:
1534 2017 1608 2067 Cy⁶

334 2070 463 2111 cladas
493 2082 621 2125 autem
650 2074 815 2122 insulas,
846 2085 977 2115 contra
1011 2077 1137 2117 foedus
1167 2091 1254 2116 cum
1286 2078 1423 2117 lembis
1454 2077 1605 2116 armatis

335 2132 607 2185 quinquaginta
628 2135 725 2175 ultra
752 2137 893 2177 Lissum
919 2141 1118 2188 provestus
1134 2170 1143 2186 ,
1162 2139 1251 2178 alias
1275 2139 1579 2189 depopulabatur
1593 2170 1605 2187 ‚

334 2194 383 2233 ab
421 2195 500 2235 aliis
529 2198 781 2249 extorquebat
812 2201 1021 2249 pecunias:
1061 2203 1221 2252 jamque
1249 2205 1283 2241 ἅ*
1317 2203 1491 2241 istrorum
1520 2216 1607 2252 par-

335 2263 415 2294 tem
431 2287 444 2303 ,
465 2268 654 2309 quotquot
681 2272 702 2299 a
730 2262 873 2300 recenti
893 2261 995 2302 bello
1015 2263 1209 2302 Romanos
1231 2263 1391 2301 oderant
1407 2294 1417 2312 ‚
1439 2266 1474 2302 Sc
1500 2265 1607 2304 Atin-

386 2383 407 2425 ,Ε
433 2382 503 2415 LV.
521 2383 621 2417 Oros.
638 2396 659 2425 4
674 2412 683 2425 ,
697 2397 748 2428 13.
762 2387 885 2420 Marm.
902 2388 1048 2432 Capitol.
1072 2390 1222 2433 Proper-t.
1239 2401 1254 2430 4
1268 2416 1275 2429 ,
1292 2401 1342 2423 10.
1360 2391 1452 2435 Virg.
1472 2389 1606 2424 AEneid.

338 2426 382 2467 6,
403 2427 478 2468 855.
500 2427 585 2460 Flor.
605 2440 622 2460 2
639 2455 646 2468 ,
665 2441 701 2469 4,
723 2441 749 2467 5.
777 2433 866 2464 Plut.
886 2433 1023 2466 Marcel.
1051 2447 1078 2466 c.
1105 2446 1154 2466 11.
1183 2435 1259 2466 Liv.
1285 2446 1325 2474 24
1341 2461 1349 2475 ‚
1370 2447 1428 2477 λι,
1448 2436 1601 2478 9.D'10d.·

336 2471 360 2507 1,
391 2482 444 2511 25.
471 2473 491 2499 e?
518 2472 600 2504 LVI.
632 2472 730 2506 Oros.
759 2486 799 2512 4,
820 2486 870 2515 ¹3-
899 2477 1039 2521 Eutrop.
1073 2482 1095 2513 1.
1124 2489 1155 2523 3.
1185 2478 1307 2515 Zonar.
1331 2479 1408 2515 Liv.
1435 2481 1524 2525 Epit.
1547 2492 1602 2514 20.

340 2513 425 2560 App.
454 2516 545 2561 mys.
568 2518 634 2551 Dio
656 2530 710 2565 ap.
739 2519 850 2553 Vates.
