1701 3008
286 206 368 254 ΙΝ
413 204 1116 255 too.Liss.xthv.
1289 222 1382 270 3¹7

144 315 239 358 XX.
269 316 372 356 Tum
394 328 484 355 vero
508 314 564 354 M.
590 313 825 363 Pomponius
853 312 910 352 M.
931 312 971 352 F.
996 312 1053 353 M.
1073 313 1122 353 N.
1142 312 1281 353 Matho
1298 343 1309 361 ⁷
1337 312 1382 353 C.

92 377 262 428 Papirius
300 378 341 417 C.
374 377 412 418 F.
441 378 482 418 L.
513 378 566 416 N.
594 376 726 423 Maso,
757 387 846 414 cum
877 374 1137 427 magistratum
1163 375 1382 423 inivisl'ent‚

94 441 310 490 provincias
332 440 387 480 M.
411 439 646 490 Pomponius
672 438 888 478 Sardiniam
905 467 916 487 ,
935 438 977 478 C.
998 438 1169 488 Papirius
1192 438 1384 478 Corsicam

91 501 304 549 obtinuere.
349 501 565 551 Utrobique
592 499 697 539 ceffit
729 499 866 548 hostis,
892 501 927 539 ἅ
952 499 992 538 in
1021 499 1129 538 silvas
1158 498 1383 549 montesque

90 563 231 602 arduos
247 563 440 614 refugiens
453 594 465 610 ‚
479 562 656 602 locorum
670 563 817 613 potius,
837 575 953 612 quam
972 575 1182 611 armorum,
1201 561 1385 600 munitio-

88 624 206 663 nibus
228 624 265 663 se
291 633 434 664 tutatus
461 624 526 665 est.
560 624 658 673 Ergo
682 623 740 664 M.
757 623 1019 674 Pomponius,
1041 636 1133 663 cum
1160 623 1384 663 laboriosius

91 684 165 724 effe
192 686 340 724 videret
367 685 537 724 invenire
563 684 744 734 barbaros
762 715 774 733 ,
801 697 915 735 quam
940 684 1117 732 vincere,
1140 697 1252 724 canes
1281 684 1385 736 saga-

91 760 155 787 ces
177 761 225 788 ex
253 747 364 788 Italia
389 748 538 786 curavit
563 746 836 795 advehendos,
855 760 1020 797 quorum
1041 748 1186 787 indicio
1207 747 1386 787 homines

91 824 198 850 more
226 811 392 850 ferarum
419 810 459 848 in
480 808 673 849 cubilibus
700 808 776 848 suis
797 809 960 848 latentes
986 809 1306 860 deprehenderet.
1344 812 1387 854 C.

93 874 262 924 Papirius
289 873 451 924 Corsos,
479 873 626 925 campis
651 872 807 924 pulsos,
836 873 885 912 ad
909 883 1092 913 montana
1119 873 1204 913 loca
1235 874 1387 914 secutus

92 939 156 977 est.
190 937 249 978 Ibi
275 937 386 977 labor
411 938 544 988 ingens
568 949 657 975 cum
682 935 855 987 periculo
880 936 983 975 fuit:
1011 935 1202 986 multique
1220 935 1389 976 militum

91 1001 173 1050 siti,
198 1009 264 1040 aut
290 1000 417 1040 subito
447 1000 696 1040 barbarorum
722 997 873 1038 incursu
895 998 1068 1048 periere:
1105 999 1231 1037 donec
1256 998 1388 1037 inven-

90 1066 138 1105 tis
159 1066 265 1116 aquis
280 1096 290 1115 ‚
308 1065 530 1115 refet‘toque
557 1063 750 1112 exercitu,
770 1061 872 1101 Corsi
891 1061 940 1100 de
963 1062 1072 1100 exitu
1098 1063 1151 1100 rei
1176 1063 1382 1112 timentes,

93 1128 238 1168 consuli
265 1131 312 1169 ad
342 1128 589 1167 deditionem
616 1123 783 1163 hortanti
814 1132 1033 1174 paruerunt.

148 1190 262 1230 XXI.
293 1190 395 1230 Dum
425 1189 487 1228 his
518 1187 630 1227 rebus
658 1186 837 1238 gerundis
864 1186 1074 1226 attinentur
1101 1186 1301 1235 consule&
1326 1200 1391 1227 co-

92 1252 200 1291 mitia
228 1265 294 1303 per
317 1252 545 1290 dictatorem
571 1248 621 1288 ad
649 1247 725 1286 hoc
751 1256 920 1286 creatum
942 1246 1030 1286 sunt
1050 1247 1193 1287 habita.
1232 1250 1273 1288 C.
1294 1249 1389 1288 Dui-

94 1313 168 1353 lius
199 1314 273 1353 fuit
295 1314 355 1355 M.
378 1313 418 1353 F.
448 1312 572 1352 M.·N.
601 1311 631 1349 is
659 1309 880 1361 magistrum
910 1310 1085 1359 equitum
1116 1310 1215 1349 dixit
1245 1310 1285 1350 C.
1314 1312 1390 1351 Au-

94 1376 234 1416 relium
266 1377 307 1417 L.
333 1376 374 1416 F.
401 1376 443 1416 C.
470 1375 519 1415 N.
553 1373 722 1414 Cottam.
753 1372 935 1412 Censores
960 1374 1078 1411 etiam
1109 1382 1191 1411 tum
1216 1373 1322 1412 fuere
1346 1374 1393 1422 T,

92 1437 268 1477 Manlius
303 1439 348 1478 T.
378 1437 420 1478 F.
450 1437 496 1476 T.
522 1436 572 1475 N.
595 1434 840 1484 Torquatus,
864 1435 914 1484 Q.
944 1432 1098 1473 Fulvius
1124 1433 1179 1474 M.
1205 1433 1246 1474 F.
1268 1435 1320 1484 Q.
1341 1436 1390 1475 N.

94 1498 278 1540 Flaccus:
306 1497 371 1537 sed
395 1497 488 1536 vitio
513 1495 629 1544 sarii,
652 1494 892 1533 abdicarunt.
935 1495 1038 1534 Novi
1060 1494 1176 1532 moris
1203 1494 1391 1545 originem

94 1561 190 1601 huic
223 1575 324 1601 anno
362 1559 569 1611 scriptores
609 1558 822 1609 assignant,
851 1571 930 1597 non
958 1558 1159 1610 indignam
1188 1571 1270 1608 quae
1298 1560 1394 1598 refe-

93 1633 213 1664 ratur.
252 1623 470 1663 Divortium
491 1621 538 1660 ab
567 1620 667 1662 Urbe
691 1619 847 1658 condita
877 1619 1028 1659 nullum
1056 1620 1205 1660 fuerat:
1242 1621 1389 1671 primus

94 1689 160 1739 Sp.
189 1685 375 1727 Carvilius
404 1686 515 1736 Ruga
547 1682 709 1722 sterilem
740 1695 903 1722 uxorem
939 1682 1083 1722 dimisit
1103 1714 1114 1732 ‚
1142 1684 1391 1733 jurejurando

95 1764 118 1790 a
146 1749 366 1789 censoribus
390 1748 618 1794 obstrietus,
639 1754 679 1799 je
705 1746 883 1784 liberorum
908 1747 1160 1798 quaerendorum
1188 1748 1282 1800 caus
1283 1762 1295 1783 1
1315 1762 1395 1785 con-

85 1813 207 1869 jugem
226 1810 667 1863 l11biturum.Displicuit
683 1809 829 1861 populo
846 1823 925 1849 non
944 1809 1064 1860 magis
1090 1811 1258 1856 novitas,
1276 1822 1336 1860 qu
1331 1823 1391 1848 ini

98 1875 279 1914 atrocitas
304 1873 384 1922 rei,
415 1874 519 1924 quod
550 1874 600 1913 ad
630 1881 858 1924 perpetuam
886 1872 973 1912 vita
998 1868 1220 1911 societatem
1243 1873 1394 1921 junctas

95 1949 259 1984 uxores,
283 1947 511 1986 quacunque
538 1936 585 1975 de
611 1935 721 1974 causa
752 1935 942 1986 repudiari
972 1934 1113 1973 iaevum
1152 1936 1187 1974 δε
1218 1934 1393 1984 iniquum

95 1997 260 2050 putabat
285 2012 294 2037 :
330 2000 365 2038 ὁὶ
396 1999 460 2049 Sp.
486 1997 694 2038 Carvilium
724 1997 871 2048 semper
900 1997 1082 2048 deinceps
1111 1997 1203 2036 odio
1233 1996 1393 2046 habuit,

99 2074 322 2111 quanquam
345 2059 565 2098 necessitate
583 2062 758 2109 coaetus,
775 2061 823 2099 de
839 2060 1051 2099 amicorum
1075 2059 1259 2099 sententia
1273 2089 1283 2107 ,
1302 2073 1396 2099 uxo-

95 2136 178 2162 rem
211 2122 308 2161 bene
336 2123 633 2161 convenientem
669 2135 898 2172 morumque
929 2122 1048 2173 gratia
1079 2121 1305 2160 carissimam
1339 2123 1397 2161 di-

99 2185 262 2223 miserat.
293 2183 349 2223 Ex
363 2196 409 2222 eo
427 2193 603 2234 tempore
618 2183 702 2234 plus
720 2186 760 2223 in
775 2187 858 2234 jure
875 2197 1062 2232 nexuum,
1079 2183 1165 2235 plus
1184 2185 1285 2234 apud
1305 2198 1395 2235 prae-

97 2254 223 2286 torem
249 2247 375 2286 litium
393 2248 496 2294 fuit,
513 2257 596 2286 turn
619 2248 785 2298 primum
815 2248 1059 2287 cautionibus
1088 2250 1139 2286 rei
1172 2249 1313 2288 uxoriae
1339 2262 1394 2287 re-

99 2311 241 2360 pertis,
266 2323 450 2361 quarum,
475 2310 592 2350 nullis
616 2319 728 2350 antea
753 2311 926 2350 divortiis
941 2342 951 2361 ,
969 2310 1246 2362 supervacanea
1268 2311 1395 2352 fuerat

100 2368 298 2410 calliditas.

149 2498 259 2542 §XX
278 2498 445 2544 FastiCap
449 2500 525 2534 itol.
547 2500 670 2533 Zonar.
699 2501 720 2539 Ε
744 2499 835 2532 XXI.
861 2500 981 2534 Marm
1010 2499 1159 2543 Capitol.
1175 2498 1263 2530 Plut.
1289 2498 1397 2533 Numa

110 2555 140 2575 c.
158 2544 213 2585 48.
237 2545 345 2588 Agell.
367 2558 402 2586 4,
425 2557 441 2588 3
467 2549 567 2586 ὕει-χ’
590 2556 644 2578 21.
670 2544 769 2578 δεη.
792 2546 887 2589 Sulp.
912 2547 983 2578 inl.
1003 2546 1042 2577 de
1058 2547 1128 2576 dor
1144 2556 1195 2587 ap
1221 2543 1327 2586 Agell.
