1701 3008
280 220 376 284 284
449 223 545 270 JO.
584 220 1087 268 FREINSHEMU
1126 222 1504 276 SUPPLEM.·
1568 243 1570 245 ·

279 341 372 371 nem
397 330 447 369 ad
478 328 670 380 Halycum
696 340 849 366 amnem
877 327 1135 378 habentibus,
1161 329 1203 370 L.
1230 331 1368 379 Junius
1395 334 1482 375 Cos.
1501 342 1572 375 ree:

280 391 354 431 bus
369 422 381 441 ‚
407 404 568 442 quarum
592 390 711 441 gratia
736 390 924 441 Syracufis
950 390 1187 441 substiterat,
1208 394 1413 443 perfectis,
1432 405 1572 447 praeter

278 452 503 505 Pachynum
530 451 840 503 promontorium
855 482 867 501 ‚
890 451 973 491 vela
1005 452 1220 506 Lilybaeum
1245 456 1371 497 versus
1394 457 1536 498 faciens
1552 488 1572 508 ,

278 515 629 566 a-speculatoribus
656 514 897 554 Carthalonis
918 515 1154 567 ,conspeeus
1187 519 1250 560 est.
1293 520 1497 571 Carthalo,
1524 536 1567 563 re

278 578 480 626 nuntiata,
510 586 652 629 quanta
676 578 800 633 potest
829 577 1023 618 celeritate
1051 579 1205 620 obviam
1239 582 1385 622 consuli
1413 584 1567 634 profici-

278 639 394 678 scitur
408 670 419 688 ,
436 640 566 690 ignaro
585 653 717 679 eorum
731 670 743 689 ‚
762 653 846 690 quae
870 639 919 679 ad
943 639 1187 682 Phintiadem
1208 644 1309 694 gesta
1324 644 1465 686 effent:
1487 659 1567 696 quo

276 700 493 752 longissime
519 716 541 742 a
568 703 794 753 quaestorum
837 702 949 742 claffe
977 715 1068 743 cum
1095 704 1164 744 illo
1190 706 1415 758 dimicaret,
1437 721 1565 759 neque

207 759 210 761 Α
276 764 398 813 juvari
424 764 490 803 ille
516 764 630 805 facile
654 779 675 805 a
698 765 773 804 suis
799 765 936 816 poffet.
971 766 1115 806 Consul
1140 769 1287 809 eminus
1310 769 1387 810 visa
1420 771 1566 811 Poeno-

276 840 363 867 rum
391 828 527 878 claffe,
559 842 648 869 cum
674 842 800 880 neque
823 831 1029 881 confligere
1059 831 1240 881 auderet,
1266 846 1393 884 neque
1415 834 1570 877 hostem

279 890 482 930 instantem
506 891 676 942 effugere
701 891 846 942 posset,
861 893 969 942 juxta
987 893 1228 934 Camarinam
1248 895 1286 934 in
1309 895 1440 936 locum
1462 895 1572 947 aspe-

279 962 365 989 rum
398 954 433 991 Sc
462 952 747 1004 importuosum
772 967 887 993 naves
909 955 1060 1005 adigit3
1090 965 1236 995 metum
1257 956 1361 995 hunc
1386 958 1569 998 vincente

276 1013 351 1053 alio
382 1019 529 1067 majore
564 1025 697 1065 metu,
722 1030 772 1056 ne
802 1017 910 1056 aliter
939 1018 1136 1058 universus
1166 1021 1355 1060 exercitus
1382 1021 1423 1060 in
1449 1028 1566 1071 pote-

275 1075 407 1116 statem
437 1079 603 1121 hostium
626 1081 832 1120 deveniret.
861 1079 1041 1120 Carthalo
1063 1081 1200 1121 eadem
1225 1081 1312 1122 loca
1329 1083 1468 1123 intrare
1483 1096 1569 1123 none-

276 1137 408 1188 ausus,
438 1141 485 1180 ad
516 1142 828 1192 promontorium
866 1141 1062 1190 quoddam
1095 1141 1246 1181 stationi
1272 1141 1404 1183 locum
1433 1144 1565 1194 capit,

274 1197 328 1236 ita
353 1200 486 1252 situm,
502 1212 546 1242 ut
560 1203 651 1243 inde
674 1204 818 1254 pariter
833 1203 874 1242 in
898 1210 1100 1253 utramque
1122 1204 1386 1246 Romanorum
1408 1205 1565 1247 classem

275 1262 446 1303 intentus
477 1265 550 1305 effe
580 1266 714 1318 poffet.

330 1326 494 1366 XXVII.
526 1329 662 1379 Neque
697 1327 823 1368 multo
857 1326 943 1379 post
974 1329 1098 1367 ventis
1131 1329 1321 1370 violenter
1350 1331 1565 1382 flantibusg

278 1398 367 1426 cum
396 1390 561 1439 ingentis
589 1392 822 1442 tempestatis
849 1391 952 1443 figna
984 1391 1350 1441 Carthaginienssum
1375 1395 1567 1446 guberna-

275 1456 375 1489 tores
400 1465 525 1492 rerum
563 1454 718 1493 istarum
747 1454 859 1504 pei-iti
887 1453 1085 1503 vidissent,
1115 1455 1335 1496 Carthaloni
1364 1457 1562 1508 persuase-

273 1520 363 1550 runt
374 1544 385 1561 ‚
410 1514 466 1552 uti
484 1514 613 1555 relicta
625 1546 637 1564 ‚
653 1529 768 1567 quam
796 1523 950 1565 ceperat
965 1547 977 1562 ,
993 1516 1152 1555 statione
1164 1548 1175 1566 ,
1196 1518 1417 1569 Pachynum
1432 1521 1561 1560 fleete-

274 1582 343 1613 1et.
369 1576 422 1615 ita
447 1590 517 1616 nec
534 1579 610 1618 fine
631 1593 771 1631 magno
789 1580 921 1620 labore
936 1581 1017 1618 vim
1037 1582 1267 1631 tempestatis
1283 1583 1422 1622 Punica
1438 1580 1563 1623 classis

274 1635 419 1689 effugit.
449 1648 488 1677 at
512 1641 776 1681 Romanorum
799 1651 959 1693 utraque
984 1640 1105 1681 claffis
1128 1645 1228 1682 inter
1246 1644 1336 1684 saxa
1356 1645 1563 1696 cautesque

275 1697 507 1747 deprehensa
532 1702 707 1743 funditus
730 1706 896 1751 interiit,
917 1705 972 1743 uti
997 1717 1045 1742 ne
1065 1705 1197 1745 tabula
1215 1707 1372 1756 quidem
1400 1707 1477 1746 ulla
1498 1705 1560 1746 ul-

273 1757 346 1799 lius
377 1762 463 1802 usus
488 1778 536 1803 ex
570 1767 769 1818 naufragio
792 1766 935 1816 reliqua
960 1764 1071 1804 fuisse
1098 1766 1299 1816 credatur;
1323 1768 1471 1808 duabus
1495 1783 1560 1810 ex.

275 1823 398 1870 ceptis
427 1825 586 1864 navibus
600 1857 611 1875 ‚
632 1827 770 1877 quibus
799 1827 927 1877 postea
952 1826 1108 1874 consul,
1129 1827 1294 1878 reliquos
1319 1842 1365 1868 ex
1387 1842 1431 1869 ea
1448 1830 1562 1872 clade

275 1880 418 1921 milites
440 1886 675 1937 remigesque
690 1886 818 1927 secum
836 1889 1004 1937 ducens,
1018 1888 1228 1941 Lilybaeum
1254 1893 1438 1942 pervenit.
1469 1894 1565 1934 Hoc

274 1944 476 1996 naufragio
491 1962 621 1997 naves,
642 1964 724 2000 quae
744 1964 935 1990 annonam
951 1951 1172 2002 portabant,
1187 1967 1335 2001 omnes,
1348 1954 1480 2007 longas
1496 1955 1558 1996 su-

245 2014 248 2018 ’
275 2020 343 2057 pra
367 2021 523 2050 centum
552 2013 698 2063 periisse
721 2014 916 2054 traditum.
948 2016 1141 2056 exercitus
1164 2024 1294 2056 tamen
1311 2017 1454 2057 servata
1470 2032 1560 2069 pars

276 2073 342 2121 est,
363 2072 492 2111 multis
512 2074 551 2111 in
564 2075 691 2115 vicina
713 2075 826 2114 litora
847 2076 1086 2115 enatantibus
1103 2077 1287 2125 ejefflsve.
1316 2079 1362 2117 At
1381 2078 1555 2129 Senatus,

277 2133 341 2181 qui
364 2133 477 2183 paulo
502 2145 590 2174 ante
616 2137 651 2176 P.
682 2136 864 2177 Clodium
892 2138 1088 2178 consulem
1114 2139 1164 2178 ob
1189 2152 1268 2178 rem
1289 2139 1389 2178 male
1411 2140 1554 2190 gestam

275 2207 324 2233 ex
343 2195 468 2236 Sicilia
485 2208 727 2239 revocaverat
742 2230 752 2247 ‚
773 2213 862 2239 cum
876 2201 1033 2251 *insuper
1047 2202 1159 2241 tristis
1187 2203 1234 2241 de
1257 2203 1421 2250 ‚Iuniana
1443 2202 1556 2242 clade

276 2259 432 2297 nuntius
460 2261 666 2301 adveniffet
683 2294 694 2311 ‚
722 2265 761 2302 in
787 2263 898 2303 classe
928 2266 1082 2315 quidem
1111 2265 1217 2315 spem
1247 2265 1388 2304 habere
1415 2262 1559 2307 desiit:

277 2329 446 2359 ceterum
472 2323 519 2361 ad
542 2323 686 2364 bellum
710 2326 869 2364 terrestri
886 2327 1012 2367 Marte
1033 2327 1340 2379 prosequendum
1354 2358 1366 2378 ,
1382 2329 1555 2370 animum

278 2383 555 2436 confiliumque
580 2388 729 2427 strenue
753 2389 928 2429 advertit.

335 2509 356 2549 ,Ε
382 2510 506 2544 XXVI.
536 2511 653 2556 Polyb.
685 2513 785 2546 Diod.
811 2515 834 2558 §
858 2514 998 2550 XXVII.
1034 2515 1135 2551 Oros.
1156 2527 1198 2558 4,
1235 2526 1286 2551 ιο.
1312 2516 1430 2562 Polyb.
1450 2514 1561 2550 Diod.

280 2552 426 2600 Eutrop.
445 2558 471 2591 1.
489 2569 523 2592 2.
544 2558 622 2592 Liv.
644 2558 734 2604 Epit.
760 2569 814 2603 19.
