1701 3008
274 200 353 246 IN
399 191 940 244 LOC.LIB..X1X
985 190 1127 237 LIV.
1285 204 1379 251 297

82 314 191 357 rant,
221 306 271 347 ob
300 305 487 358 stipendia
521 316 600 343 non
626 302 750 343 soluta
776 298 1007 370 injuriasque
1031 297 1149 344 alias,
1172 297 1379 367 Erycinarn

82 372 218 411 urbem
248 368 434 411 Romanis
467 379 524 405 co
518 366 597 405 rati
629 365 791 415 prodere
824 363 903 417 (ibi
928 362 1032 402 enim
1058 361 1272 412 praefidium
1300 360 1380 410 agi-

83 432 243 486 tabant)
273 432 472 482 postquam
489 427 712 468 consilium
704 428 855 465 irritum
877 425 979 474 fuit,
995 425 1044 464 ad
1064 423 1240 463 consules
1263 420 1380 462 trans

85 497 290 547 fugerunt:
319 494 510 545 primique
527 501 746 530 exterorum
762 489 810 529 ab
833 487 1049 530 Romanis
1040 501 1079 526 m
1104 485 1380 526 commilitium

85 558 220 598 adsciti
242 557 340 595 sunt.
372 555 432 596 Sic
456 554 575 593 aucus
599 552 766 601 viribus,
794 561 923 590 tamen
951 549 1115 601 pedestri
1141 549 1310 588 exercitu
1325 547 1382 586 fi-

84 634 176 660 nem
207 620 309 659 bello
352 620 553 669 imponere
584 628 662 654 non
692 622 889 666 poterant,
922 613 1120 653 oblistente
1155 610 1381 661 cumprimis

87 681 320 722 Hamilcaris
353 680 539 723 audacia..
575 677 639 728 qui
669 689 793 726 neque
827 675 954 725 decipi
985 673 1111 722 dolis,
1146 687 1271 724 neque
1310 674 1381 712 do·-

87 745 184 782 mari
215 743 359 782 viribus
383 740 611 791 patiebatur.
654 740 754 789 Ergo
781 739 910 778 denuo
938 736 1105 775 reditum
1132 736 1185 775 est
1211 737 1259 774 ad
1288 735 1380 774 clas-

86 806 130 845 iis
154 804 403 844 instaurandae
426 801 603 847 consilia,
622 801 810 851 marisque
832 799 1049 851 repetundi.
1079 800 1163 839 Nec
1190 799 1294 837 enim
1312 798 1379 837 ali-

86 878 142 907 ter
175 866 280 917 poffe
310 863 642 915 Carthaginienses
668 863 865 915 prohiberi
892 862 1043 912 Sicilia,
1068 876 1183 913 quam
1208 862 1233 901 s1
1266 862 1379 901 maris

86 928 198 968 usum
222 926 501 978 perdidissent:
531 925 715 976 spemque
740 939 819 965 non
835 923 1037 976 vulgarem
1054 924 1225 964 fecerant
1240 937 1299 963 res
1320 923 1379 961 su-

84 989 300 1041 perioribus
332 988 441 1028 annis
471 987 709 1038 privatorum
741 987 831 1032 ausu
865 987 963 1026 bene
995 987 1116 1037 gestae.
1158 986 1234 1026 Sed
1263 998 1381 1036 pecu-

82 1055 148 1093 nia
166 1053 332 1100 ·deerat‚
361 1051 467 1090 inani
497 1050 646 1092 dudum
671 1051 824 1097 aerario,
857 1051 891 1089 Sc
918 1047 1064 1088 sumtus
1094 1057 1175 1087 tam
1207 1047 1380 1087 diuturni

85 1114 178 1154 belli
208 1113 306 1153 male
331 1112 552 1152 sustinente.
590 1112 692 1151 Tum
725 1124 814 1150 vero
844 1111 1010 1150 Romani
1036 1122 1161 1150 mores
1187 1109 1379 1149 laboranti

30 1224 32 1226 ¹
82 1177 304 1229 reipublicae
331 1175 558 1227 tempestivo
590 1173 733 1214 auxilio
763 1174 983 1214 subvenere.

137 1241 218 1281 LII.
251 1240 407 1290 Quippe
435 1247 542 1277 tanta
566 1237 641 1276 fuit
656 1238 884 1278 Senatorum
907 1250 953 1276 eo
983 1244 1159 1287 tempore
1184 1235 1378 1287 generosi·-

86 1312 168 1351 tas,
190 1310 232 1341 ut
255 1302 294 1340 in
319 1299 481 1351 publico
512 1299 730 1339 discrimine
759 1299 916 1350 privatis
945 1298 1084 1350 opibus
1110 1299 1273 1350 puderet
1295 1311 1378 1349 par..

86 1377 194 1414 cere,
211 1363 371 1415 plusque
394 1363 517 1402 statim
545 1360 716 1413 pecuniae
744 1363 997 1413 reperiretur,
1021 1375 1137 1412 quam
1159 1362 1207 1401 ad
1229 1363 1378 1413 impen-

81 1426 159 1466 sam
186 1425 306 1465 claffis
343 1438 440 1476 opus
470 1424 573 1466 esset.
617 1438 707 1464 nam
739 1438 784 1464 ex
810 1424 998 1464 ditissimis
1027 1423 1188 1475 singuli„
1209 1423 1378 1463 aliorum

84 1490 165 1530 bini
188 1491 353 1538 ternive‚
376 1499 419 1529 ut
438 1489 640 1529 facultates
658 1498 787 1537 erant,
809 1488 1123 1539 quinqueremem
1144 1501 1261 1527 unam
1286 1499 1375 1528 cum

84 1553 332 1592 armamentis
372 1551 553 1592 omnibus
586 1551 761 1601 justoque
795 1550 957 1601 'remigio
987 1549 1237 1601 praestandam
1267 1548 1378 1587 susci-

82 1614 270 1665 piebant,
301 1627 344 1653 ea
368 1614 474 1665 lege,
500 1622 542 1654 ut
571 1613 772 1664 republica
803 1612 1005 1667 meliorem
1027 1615 1065 1653 in
1093 1613 1228 1654 statum
1253 1624 1378 1650 rever-

86 1676 122 1716 sa
138 1707 148 1724 ‚
169 1675 234 1716 sua
259 1677 397 1727 cuique
419 1676 583 1727 pecunia
608 1676 874 1715 restitueretur.
915 1675 1000 1716 Hac
1026 1687 1116 1713 cura
1141 1672 1378 1724 consilioque

84 1739 378 1789 quinqueremes
418 1739 593 1778 ducentae
628 1746 858 1789 comparatae
889 1737 1001 1784 sunt,
1036 1749 1129 1788 quas
1165 1736 1213 1776 ad
1246 1749 1377 1774 exem-

85 1802 196 1853 plum
224 1802 357 1851 navis,·
389 1815 472 1853 quae
513 1802 740 1843 Hannibalis
778 1801 924 1843 Rhodii
950 1801 1099 1850 fuerat,
1130 1800 1376 1841 fabricandas

85 1872 324 1903 curaverunt.
355 1865 500 1915 Magna
530 1865 621 1906 inde
648 1866 883 1917 exspectatio
907 1865 1004 1914 fuit,
1031 1864 1142 1904 certis
1168 1863 1376 1913 hominum

84 1926 220 1965 animis
236 1956 248 1974 ,
267 1927 373 1976 quod
389 1927 437 1965 ad
464 1938 633 1968 extrema
662 1928 832 1967 remedia
856 1937 1016 1966 ventum
1042 1926 1157 1976 esset,
1174 1925 1246 1966 hac
1262 1924 1374 1965 classe

88 1988 137 2027 de
165 1987 314 2026 summa
340 1987 429 2027 belli
453 1989 658 2029 necessario
682 1991 881 2029 decretum
908 1989 964 2030 iri.

142 2050 242 2091 LIII.
272 2050 375 2090 Dum
406 2050 487 2091 haec
511 2052 560 2090 ita
584 2052 702 2101 fiunt,
732 2051 969 2092 consulatum
1000 2052 1043 2092 C.
1070 2051 1243 2091 Lutatius
1262 2050 1303 2090 C.
1328 2049 1369 2090 F.

88 2111 129 2152 C.
150 2113 198 2152 N.
229 2112 411 2160 Catulus,
441 2115 480 2153 A.
499 2114 708 2154 Postumius
737 2116 777 2155 A.
807 2114 845 2154 F.
874 2114 913 2154 L.
938 2115 985 2154 N.
1009 2113 1192 2160 Albinus,
1217 2113 1371 2152 inivere.

87 2173 317 2214 Flaminium
342 2176 520 2216 Martiale
550 2178 590 2217 A.
613 2176 825 2216 Postumius
855 2175 1044 2225 habebat3
1075 2189 1196 2226 eoque
1223 2176 1376 2225 provin‘

84 2237 182 2275 ciam
213 2237 330 2276 sortiri
362 2241 568 2289 cupiente,
598 2238 636 2278 L.
663 2237 836 2278 Caecilius
869 2237 1050 2279 Metellus
1079 2237 1256 2288 pontifex
1294 2250 1374 2277 ma-

84 2299 210 2338 ximus
234 2300 333 2339 dic'ta
359 2300 501 2342 mulc‘ta
520 2301 743 2352 prohibuit,
761 2313 903 2351 negans
928 2299 984 2340 fas
1007 2298 1080 2339 esse
1104 2299 1248 2339 flamini
1273 2313 1292 2339 a
1316 2299 1374 2338 sa-

86 2363 160 2400 cris
179 2362 368 2402 recedere.
397 2366 508 2413 cujus
537 2365 627 2404 fadi
653 2363 920 2415 posterioribus
951 2375 1103 2414 quoque
1132 2362 1370 2413 temporibus

87 2424 247 2474 probata
279 2427 373 2465 ratio
403 2427 467 2467 est.
507 2426 613 2466 aliud
641 2428 681 2467 in
711 2427 856 2467 tuenda
879 2424 1064 2475 religione
1091 2425 1210 2476 patria
1237 2437 1369 2464 exem-

134 2541 155 2583 §
184 2541 235 2574 LI.
257 2540 379 2576 Zonar.
405 2541 523 2587 Polyb.
555 2555 589 2583 ι,
621 2555 657 2586 59
675 2544 707 2577 ὅ(
729 2555 782 2583 77-
