1701 3008
296 159 323 207 8
664 145 1265 211 T1T1L1V11¹

291 262 490 330 permitti
517 260 705 325 poffent.
743 256 911 304 Pariter
943 252 1117 300 sustulit
1152 248 1540 308 clamoremacies
1559 266 1578 304 3

293 342 344 386 &
364 336 536 383 emiffus
555 348 687 394 eques
716 330 861 376 libero
883 327 1013 375 cursu
1043 327 1089 372 in
1113 323 1285 370 hostem
1314 321 1546 368 invehitur
1564 356 1581 379 ‚

295 405 694 469 incompoiitisque
720 400 930 450 adversus
958 397 1205 463 equestrem
1239 394 1486 459 procellam
1506 392 1582 439 su-

298 485 441 531 bitum
479 495 698 542 pavorem
736 475 949 522 offundit.
985 476 1162 535 ltaque,
1186 482 1235 516 ut
1263 485 1406 532 prope
1436 467 1581 514 serum

297 554 517 601 auxilium
545 550 633 613 jam
667 565 790 612 paene
820 536 1141 593 circumventis
1158 576 1172 600 ,
1193 542 1254 588 ita
1281 539 1492 588 universa
1512 556 1585 587 re-

298 629 426 693 quies
461 628 559 672 data
595 624 671 670 est.
722 621 884 686 integri
917 636 1127 683 accepere
1159 634 1383 682 pugnam:
1418 631 1501 661 nec
1533 631 1586 661 ea

298 701 392 765 ipsa
425 700 590 762 longa,
612 714 686 744 aut
718 711 879 757 anceps
910 693 1008 740 fuit.
1046 692 1144 739 Fufi
1171 690 1319 737 hostes
1350 687 1487 735 castra
1511 704 1585 734 re-

302 786 464 837 petunt
482 810 494 829 ,
515 769 897 832 inferentibusque
915 768 1002 830 jam
1024 767 1142 830 figna
1159 762 1376 811 Romanis
1397 762 1586 818 cedunt,

301 849 351 895 ὅ(
373 847 418 894 in
438 846 635 891 ultimam
657 843 901 891 castrorum
921 855 1091 905 partem
1113 837 1459 902 conglobantur.
1480 837 1586 881 Hae-

300 932 402 968 rent
434 918 650 981 fugientes
682 917 729 961 in
762 915 968 978 angustiis
996 924 1226 975 portarum
1252 928 1263 957 :
1299 925 1397 972 pars
1425 924 1586 971 magna

303 1007 506 1055 aggerem
536 988 794 1051 vallumque
825 985 1164 1041 conscendunt,
1195 983 1228 1029 fi
1258 994 1332 1029 aut
1360 980 1423 1028 'ex
1456 979 1586 1041 supe-

303 1065 425 1111 riore
458 1064 565 1110 loco
587 1061 700 1109 tueri
728 1060 797 1118 se,
818 1071 893 1106 aut
916 1058 1117 1121 superare
1145 1056 1293 1121 aliqua
1323 1056 1372 1101 &
1396 1054 1585 1103 evadere

304 1137 495 1200 poss'ent.
537 1126 670 1182 Forte
699 1135 899 1197 quodam
931 1133 1038 1179 loco
1071 1131 1186 1177 male
1221 1121 1423 1175 densatus
1453 1143 1587 1194 agger

301 1210 507 1273 pondere
540 1206 875 1271 superstantium
897 1207 943 1252 in
966 1204 1124 1251 foffam
1154 1203 1422 1266 procubuit:
1454 1203 1589 1264 atque

307 1299 359 1329 ea
384 1300 495 1342 ¹cum
526 1283 655 1328 Deos
689 1279 881 1343 pandere
910 1277 1032 1324 viam
1066 1276 1182 1339 fugae
1217 1273 1589 1329 conclamassent,

307 1356 461 1418 plures
486 1355 705 1411 inermes,
733 1369 863 1416 quam
895 1348 1077 1407 armati,
1102 1348 1311 1394 evadunt.
1343 1348 1447 1392 Hoc
1469 1344 1590 1408 proe-

309 1427 376 1473 lio
400 1426 546 1472 frattae
577 1425 734 1470 iterum
767 1422 1052 1470 Etruscorum
1074 1420 1225 1469 vires:
1257 1421 1336 1476 &‚
1356 1419 1485 1480 pacto
1508 1434 1589 1463 an-

311 1517 406 1546 nuo
438 1498 683 1561 stipendio,
711 1499 759 1544 &
788 1497 924 1543 duum
953 1494 1167 1541 mensium
1202 1492 1428 1537 frumento
1446 1526 1459 1547 ,
1489 1506 1592 1552 per—

311 1572 485 1619 miffum
516 1572 570 1618 ab
601 1571 836 1626 dictatore,
862 1580 910 1614 ut
943 1568 995 1613 de
1025 1583 1132 1630 pace
1163 1565 1333 1628 legatos
1365 1564 1594 1609 mitterent

311 1644 520 1690 Romam.
554 1641 643 1686 Pax
677 1652 863 1703 negata:
897 1637 1086 1684 induciae
1120 1634 1294 1682 biennii
1327 1633 1452 1680 datae.
1502 1631 1594 1678 dic-

314 1726 434 1760 tator
468 1713 748 1775 triumphans
780 1712 826 1757 in
860 1711 1015 1757 urbem
1048 1708 1193 1755 rediit.
1246 1707 1405 1753 Habeo
1438 1706 1594 1751 aufto-

316 1805 410 1843 res,
436 1787 525 1832 fine
553 1786 647 1831 ullo
674 1784 952 1832 memorabili
976 1782 1144 1846 proelio
1166 1793 1363 1843 pacatam
1389 1780 1442 1825 ab
1460 1778 1595 1824 dicta-

318 1872 417 1905 tore
447 1859 669 1904 Etruriam
695 1858 802 1912 effe,
834 1854 1127 1902 seditionibus
1156 1864 1328 1899 tantum
1355 1851 1594 1898 Arretino-

320 1949 418 1979 rum
455 1932 743 1992 compolitis‚
773 1932 822 1976 &
859 1929 1015 1974 Cilnio
1053 1943 1212 1990 genere
1251 1942 1351 1973 cum
1386 1924 1514 1987 plebe
1548 1924 1596 1970 in

320 2005 500 2067 gratiam
523 2004 718 2049 seduno.
749 2001 924 2048 Consul
943 2017 996 2046 ex
1018 2000 1229 2046 dictatura
1257 1998 1392 2044 factus
1417 1998 1481 2043 M.
1501 1999 1595 2043 Va·
1661 2033 1663 2035 .

320 2078 466 2124 lerius,
509 2094 603 2123 non
634 2088 853 2137 petentem
868 2110 882 2133 ,
903 2087 1035 2137 atque
1054 2075 1165 2119 adeo
1190 2072 1321 2118 etiam
1342 2070 1563 2117 absentem
1580 2106 1595 2126 ,

323 2162 516 2195 creatum
554 2148 779 2194 credidere
811 2147 1026 2210 quidam;
1058 2149 1107 2194 δέ
1139 2140 1216 2208 per
1244 2144 1510 2206 interregem
1543 2159 1594 2188 ea

324 2221 507 2267 comitia
527 2220 648 2266 faeta.
679 2221 724 2265 id
742 2237 882 2266 unum
905 2236 1000 2265 non
1025 2218 1290 2281 ambigitur,
1311 2214 1593 2264 consulatum

328 2310 430 2339 cum
460 2290 682 2353 Appulejo
710 2291 842 2336 Pansa
867 2292 1042 2353 geffisse.

389 2368 462 2411 VI.
504 2367 566 2410 M.
589 2363 769 2409 Valerio
790 2366 838 2410 &
859 2366 919 2423 Q.
938 2363 1161 2427 Appulejo
1189 2361 1448 2410 consulibus
1465 2397 1477 2416 ‚
1495 2359 1595 2406 satis

323 2450 492 2503 pacatae
523 2437 633 2484 foris
662 2452 730 2483 res
753 2435 887 2482 fuere.
924 2436 1157 2484 Etruscum
1189 2433 1375 2482 adversa
1400 2432 1505 2480 belli
1526 2446 1595 2477 res
