1701 3008
350 183 444 245 384
705 174 1265 224 T1T1L1V11

345 292 435 339 bali
455 289 645 348 fuerint,
666 303 949 352 nequaquam
970 287 1086 335 inter
1106 287 1309 335 au&ores
1325 288 1510 336 constat.
1544 290 1624 354 qui

344 366 610 431 plurimum,
633 374 813 410 centum
828 361 968 408 millia
988 361 1214 424 peditum,
1239 361 1403 426 viginti
1422 363 1624 426 equitum

345 439 470 485 fuisse
495 436 719 492 scribunt3
747 435 827 499 qui
853 433 1111 488 minimum,
1140 434 1303 499 viginti
1330 436 1469 483 millia
1495 437 1624 499 pedi-

343 524 437 557 tum
451 547 463 569 ‚
479 509 554 556 sex
568 508 785 574 equitum.
800 509 848 555 L.
863 506 1049 555 Cincius
1061 506 1334 568 Alimentus,
1350 510 1428 575 qui
1445 523 1626 574 captum

344 585 387 632 se
400 585 455 631 ab
469 582 720 632 Hannibale
738 582 913 638 scribit,
928 582 1122 629 maxime
1137 583 1293 629 auffor
1308 601 1379 630 me
1391 597 1623 645 moveret,

343 658 424 705 nisi
443 656 740 706 confunderet
760 671 1021 713 numerum,
1042 653 1185 701 Gallis
1207 654 1531 720 Liguribusque
1550 657 1626 704 ad-

343 730 465 778 ditis:
486 746 588 777 cum
605 728 673 776 his
690 727 920 790 odioginta
936 725 1074 772 millia
1092 726 1316 789 peditum,
1329 728 1481 774 decem
1498 727 1626 791 equi·
1686 733 1690 736 ’

345 819 464 863 tum,
483 804 669 852 addufiia
687 803 734 849 in
754 802 944 849 Italiam:
968 801 1138 865 (magis
1155 801 1368 848 affluxisse
1383 801 1623 849 verisimile

342 878 428 935 est,
445 879 495 925 &
514 876 574 924 ita
600 875 781 940 quidam
806 875 1006 921 aqures
1026 873 1154 934 sunt)
1176 890 1231 920 ex
1252 873 1349 936 ipso
1370 886 1520 921 autem
1543 892 1623 921 au-

343 951 448 998 difl'e
461 948 734 1003 Hannibale,
751 946 984 1010 postquam
997 946 1271 993 Rhodanum
1288 946 1509 1007 transierit
1516 983 1531 1007 ,
1545 947 1621 994 tri-

342 1025 464 1090 ginta
487 1022 562 1069 sex
586 1020 726 1068 millia
747 1019 981 1070 hominum
997 1055 1009 1077 ,
1040 1018 1355 1081 ingentemque
1384 1036 1621 1067 numerum

341 1112 562 1160 equorum
592 1096 643 1141 &
669 1093 862 1139 aliorum
887 1090 1191 1152 jumentorum
1221 1089 1402 1137 amififfe
1431 1090 1479 1136 in
1500 1091 1619 1138 Tau·

339 1167 483 1223 rinis,
517 1181 617 1228 quae
650 1162 793 1210 Gallis
831 1163 1040 1226 proxima
1071 1178 1178 1226 gens
1211 1173 1331 1223 erat,
1368 1163 1415 1208 in
1448 1163 1619 1210 Italiam

342 1238 555 1304 degresso.
592 1238 639 1282 Id
671 1253 775 1283 cum
810 1235 926 1283 inter
959 1253 1115 1284 omnes
1150 1236 1355 1293 constet,
1388 1251 1446 1281 eo
1481 1235 1619 1299 magis

339 1315 482 1362 miror
507 1309 696 1374 ambigi,
725 1325 917 1372 quanam
942 1307 1078 1370 Alpes
1113 1307 1360 1354 transterit:
1396 1307 1446 1356 &
1474 1309 1618 1372 vulgo

339 1389 549 1445 credere,
584 1385 790 1444 Peuino,
817 1396 949 1447 atque
982 1383 1086 1429 inde
1121 1399 1289 1429 nomen
1320 1384 1370 1431 &
1401 1382 1510 1447 jugo
1538 1383 1620 1430 Al-

337 1463 465 1526 pium
496 1460 720 1516 inditum,
757 1457 1077 1520 transgressum.
1115 1456 1289 1503 Coelius
1315 1474 1392 1520 per
1425 1458 1619 1504 Cremo-

338 1534 408 1581 nis
437 1533 588 1597 jugum
606 1530 716 1578 dicit
736 1529 949 1577 transisse:
984 1529 1061 1592 qui
1085 1530 1219 1575 ambo
1244 1529 1376 1577 saltus
1393 1547 1496 1576 eum
1519 1548 1619 1578 non

340 1607 387 1651 in
416 1603 666 1661 Taurinos,
699 1601 771 1648 sed
796 1618 873 1664 per
898 1601 1083 1649 Salafl'os
1104 1614 1346 1647 montanos
1374 1601 1426 1648 ad
1446 1600 1618 1649 Libuos

339 1676 499 1724 Gallos
528 1673 818 1721 deduxissent.
852 1674 949 1719 Nec
980 1672 1217 1720 verisimile
1244 1672 1329 1731 est,
1356 1689 1406 1719 ea
1438 1684 1534 1720 tum
1561 1673 1620 1720 ad

338 1749 533 1797 Galliam
569 1746 751 1811 patuisse
783 1746 970 1802 itinera3
995 1746 1149 1809 utique
1167 1782 1181 1804 ,
1201 1762 1301 1808 quae
1324 1745 1378 1792 ad
1397 1746 1616 1794 Peninum

341 1821 490 1868 serunt
518 1857 531 1881 ‚
571 1819 758 1882 obsepta
802 1818 1005 1882 gentibus
1051 1818 1377 1881 semigermanis
1422 1818 1616 1867 fuissent.

341 1910 518 1957 neque,
551 1892 745 1939 Hercule
766 1927 778 1948 ‚
808 1891 1035 1937 montibus
1064 1891 1131 1937 his
1164 1889 1226 1954 (fi
1254 1908 1388 1954 quem
1421 1891 1540 1939 forte
1568 1893 1615 1939 id

341 1966 535 2030 movet)
564 1965 618 2012 ab
653 1963 836 2011 transitu
855 1965 1103 2010 Poenorum
1131 1964 1227 2010 ullo
1247 1965 1459 2028 Veragri,
1486 1965 1614 2013 inco·

335 2039 395 2083 'las
414 2038 505 2102 jugi
539 2037 663 2099 ejus,
695 2049 864 2082 norunt
891 2052 1059 2083 nomen
1090 2036 1310 2092 inditum3
1346 2036 1417 2083 sed
1440 2037 1495 2084 ab
1530 2054 1616 2096 eo,

344 2128 475 2174 quem
502 2111 547 2156 in
577 2110 748 2156 summo
770 2108 983 2156 sacratum
1007 2110 1201 2168 vertice,
1230 2109 1448 2155 Peninum
1478 2125 1615 2156 mon·-

343 2183 435 2229 tani
455 2182 692 2244 appellant.

406 2254 624 2299 XXXIX.
649 2253 993 2314 Peropportune
1016 2251 1070 2298 ad
1091 2249 1308 2313 principia
1326 2266 1473 2297 rerum
1492 2250 1614 2302 ’saus

341 2324 482 2382 riuis,
520 2323 740 2386 proximae
773 2323 928 2386 genti,
956 2322 1166 2369 adversus
1201 2321 1403 2368 Insubres
1434 2334 1611 2369 motum

344 2396 510 2442 bellum
545 2407 649 2441 erat.
691 2394 763 2440 sed
796 2411 963 2440 armare
995 2394 1239 2441 exercitum
1271 2394 1526 2453 Hannibal,
1563 2405 1613 2441 ut

344 2470 457 2533 parti
496 2469 622 2517 alteri
656 2468 828 2515 auxilio
861 2468 991 2528 esset,
1026 2467 1102 2531 (in
1138 2465 1381 2515 reficiendo
1410 2463 1611 2511 »maxime
