1701 3008
241 176 849 225 HisTorziARUM
885 179 1022 225 Lm,
1056 180 1118 225 X.
1322 196 1343 245 5

53 289 123 337 nis
150 286 357 335 sollemni
391 287 634 334 certamine
669 287 860 335 navium
892 287 940 334 in
967 286 1154 335 flumine
1187 289 1348 353 oppidi

51 361 205 409 medio
237 372 488 408 exercetur.

121 435 192 481 111.
226 432 399 479 Eodem
428 446 550 478 anno
580 430 742 477 Romae
774 447 877 478 cum
900 431 1095 479 Vestinis
1113 468 1128 489 ‚
1151 433 1347 497 petenti-

56 505 139 553 bus
171 505 445 560 amicitiam,
469 502 604 549 ictum
634 502 696 549 est
724 502 887 550 foedus.
918 504 1160 566 Multiplex
1188 505 1349 553 deinde

58 590 246 626 exortus
283 589 441 624 terror.
494 574 714 622 Etruriam
750 574 993 634 rebellare,
1025 576 1080 622 ab
1105 578 1349 624 Arretino-

59 669 163 698 rum
183 648 478 698 seditionibus
497 661 628 696 motu
649 660 756 696 orto
773 684 787 706 ‚
809 649 1125 697 nuntiabatur:
1152 651 1229 696 ubi
1251 641 1350 697 Cil-

58 724 184 771 nium
211 739 349 787 genus
370 734 626 786 praepotens
642 759 658 780 ,
679 722 939 770 divitiarum
959 723 1132 771 invidia
1154 723 1263 786 pelli
1282 741 1351 771 ar-

58 798 143 845 mis
174 808 378 860 coeptum
411 814 423 844 :
466 796 595 843 simul
637 796 809 845 Marsos
845 814 1000 861 agrum
1029 797 1080 845 vi
1116 797 1264 852 tueri,
1302 799 1350 851 in

59 881 196 936 qu'em
224 871 412 920 colonia
437 870 640 918 Carseoli
667 871 851 918 deduela
876 882 998 928 erat,
1022 884 1220 935 quatuor
1248 870 1351 917 mil-

61 947 177 994 libus
207 946 446 993 hominum
476 944 663 1008 scriptis.
699 948 850 1009 Itaque
875 956 1062 1008 propter
1086 960 1164 992 eos
1187 946 1350 990 tumul·

58 1032 130 1068 tus
161 1020 299 1068 dicius
342 1021 406 1067 M.
445 1019 649 1067 Valerius
681 1019 908 1066 Maximus
948 1019 1136 1066 dictator
1158 1054 1172 1077 ‚
1206 1018 1351 1082 magi-

59 1094 195 1142 strum
228 1093 432 1159 equitum
456 1093 538 1140 fibi
569 1093 676 1157 legit
709 1095 772 1140 M.
791 1092 1019 1140 AEmilium
1048 1092 1264 1139 Paullum.
1305 1091 1351 1137 id

62 1169 204 1234 magis
235 1168 372 1216 credo
390 1204 404 1227 ‚
432 1184 568 1232 quam
602 1170 663 1229 Q.
692 1166 877 1215 Fabium
897 1183 949 1213 ea
973 1177 1101 1214 aetate
1133 1179 1266 1230 atque
1288 1166 1351 1213 eis

59 1241 315 1288 honoribus
347 1240 536 1287 Valerio
576 1239 835 1302 subjestum.
877 1250 1075 1286 ceterum
1113 1255 1170 1285 ex
1202 1238 1352 1284 Maxi-

62 1313 126 1361 mi
150 1313 427 1378 cognomine
450 1326 603 1360 ortum
624 1329 823 1359 errorem
842 1311 959 1358 haud
976 1310 1224 1357 abnuerim.
1244 1312 1352 1356 Pro-

63 1385 204 1433 fecius
240 1385 430 1434 difflator
464 1402 568 1433 cum
601 1383 835 1442 exercitu,
859 1383 1027 1446 proelio
1051 1397 1145 1429 uno
1182 1380 1354 1427 Marsos

64 1459 226 1507 fundit.
277 1459 518 1523 compulsis
552 1458 714 1506 deinde
745 1457 794 1504 in
830 1457 964 1503 urbes
1005 1455 1228 1512 munitas,
1261 1453 1354 1500 Mi-

62 1533 282 1593 lioniam,
314 1533 576 1591 Plestinam,
618 1531 843 1579 Frefiliam
863 1565 877 1589 ‚
910 1530 1026 1578 intra
1062 1529 1154 1576 dies
1186 1543 1354 1591 paucos

69 1608 190 1671 cepit
215 1626 225 1654 :
264 1609 314 1655 &
346 1618 470 1671 parte
496 1606 591 1670 agri
617 1605 812 1653 multatis
844 1604 1026 1663 Marsis,
1054 1602 1204 1649 foedus
1231 1600 1356 1647 resti-

66 1681 167 1728 tuit.
218 1680 338 1727 Tum
374 1680 422 1726 in
457 1678 669 1727 Etruscos
697 1677 875 1726 versum
913 1677 1095 1724 bellum.
1139 1676 1220 1733 &‚
1251 1689 1354 1720 cum

64 1753 255 1799 dictator
290 1751 594 1815 auspiciorum
626 1749 976 1814 repetendorum
1013 1745 1140 1796 causa
1172 1744 1355 1809 profec-

67 1839 138 1874 tus
179 1827 376 1873 Romam
418 1825 552 1884 effer,
588 1823 791 1888 magister
836 1822 1066 1886 equitum,
1098 1818 1356 1882 pabulatum

71 1901 260 1964 egressus
281 1935 296 1958 ‚
327 1916 384 1946 ex
417 1898 585 1946 insidiis
621 1895 1004 1951 circumvenitur3
1035 1891 1253 1956 {ignisque
1278 1891 1356 1938 ali·

70 1986 188 2036 quot
222 1972 379 2019 amissis
401 2007 416 2030 ,
450 1971 576 2019 foeda
611 1970 806 2018 militum
839 1968 959 2015 caede
992 1983 1042 2014 ac
1071 1965 1172 2029 fuga
1205 1964 1251 2010 in
1284 1981 1357 2011 ca-

70 2048 158 2094 stra
195 2047 256 2094 est
293 2046 559 2109 compulsus.
600 2045 679 2109 qui
712 2056 861 2091 terror
897 2059 993 2088 non
1035 2056 1092 2087 eo
1127 2051 1300 2086 tantum
1331 2056 1357 2086 a

71 2121 212 2169 Fabio
249 2119 469 2167 abhorret
490 2154 505 2176 ,
532 2118 658 2181 quod
687 2116 718 2162 fi
749 2132 836 2180 qua
867 2114 950 2162 alia
977 2124 1070 2161 arte
1098 2127 1356 2175 cognomen

74 2193 201 2241 suum
231 2192 460 2257 aequavit,
481 2208 580 2239 tum
609 2189 802 2237 maxime
830 2187 999 2236 bellicis
1026 2184 1251 2232 laudibus:
1286 2183 1359 2230 sed

73 2267 231 2323 etiam,
249 2266 375 2330 quod
389 2301 404 2325 ,
422 2280 597 2312 memor
615 2261 860 2324 Papirianae
880 2257 1084 2313 saevitiae,
1109 2271 1359 2318 nunquam,

80 2350 131 2385 ut
159 2338 385 2386 diclatoris
418 2336 582 2399 injuffu
611 2333 872 2392 dimicaret,
894 2328 1054 2378 adduci
1083 2327 1306 2392 potuisset.

148 2415 225 2459 IV.
248 2411 467 2459 Nuntiata
491 2428 541 2457 ea
568 2409 715 2457 clades
742 2409 938 2455 Romam
968 2404 1211 2467 majorem,
1233 2417 1363 2464 quam

80 2503 148 2535 res
176 2498 299 2548 erat,
331 2498 554 2534 terrorem
587 2484 776 2534 excivit.
817 2499 918 2531 nam
937 2517 952 2542 ,
975 2493 1026 2526 ut
1061 2476 1261 2525 exercitu
1293 2477 1366 2521 de-

1007 2555 1044 2599 A
1085 2550 1107 2613 ς’
