1701 3008
238 209 324 255 1N
369 205 913 260 too.1,113.xv1
964 212 1114 262 LIV.
1261 229 1417 280 209.

65 314 229 367 capitale
249 317 352 368 apud
369 317 567 357 Romanos
594 319 674 368 est3
700 319 943 360 excubitores
967 319 1065 360 nihil
1090 322 1129 360 in
1154 321 1245 374 fuga
1271 322 1352 374 spei

65 377 270 427 repositum
301 379 375 418 effe
401 380 530 430 gnari,
561 394 778 431 quanquam
805 394 967 422 numero
999 383 1112 435 longe
1134 383 1353 435 superaren-

65 448 154 488 tur,
181 454 351 491 pugnam
377 442 668 492 prael'entiffimis
695 445 831 483 animis
856 444 1086 494 sustinuere,
1114 446 1244 485 multis
1271 447 1355 497 qui—

67 502 156 540 dem
183 502 338 543 suorum
364 505 502 544 amillis
519 536 530 551 ,
549 505 612 545 secl
635 505 799 545 hostium
823 508 1037 548 „interfectis
1058 509 1233 560 pluribus
1252 523 1260 549 ε
1285 511 1355 549 do·

66 577 140 603 nec
170 567 306 604 armari
338 567 516 606 cohortes
538 568 875 624 laborantibusque
896 570 1111 611 succurrere
1127 581 1350 624 potuerunt.

65 625 124 667 Ita
156 630 191 667 δε
218 628 281 666 hic
310 629 404 679 pull]
434 629 583 679 hostes,
610 633 646 670 Sc
668 632 732 682 qui
754 630 896 671 vallum
921 635 1000 682 jam
1029 647 1150 685 prope
1174 642 1355 686 ceperant

65 690 332 729 circumventi.
366 704 505 742 magna
529 692 581 730 ibi
608 694 730 732 caedes
756 694 845 733 fuit.
875 703 1021 734 ceteros
1047 697 1096 735 ad
1122 696 1257 736 urbem
1288 696 1357 735 us—

65 763 142 800 que
168 750 333 791 Romani
355 751 545 802 persecuti
570 753 667 794 sunt.
691 755 742 793 Ea
766 767 824 793 res
851 756 892 793 in
911 756 1101 806 posterum
1126 758 1161 796 &
1183 757 1355 796 timidio-

65 825 124 850 res
148 813 196 851 ad
227 813 511 862 erumpendum
537 813 684 863 hostes,
703 818 738 856 ὁὶ
760 818 950 856 cautiores
972 818 1166 858 Romanos
1197 819 1246 858 ad
1269 819 1356 859 fru-

65 874 319 914 mentandum
336 875 439 914 fecit.
462 875 559 916 Inde
579 889 668 916 cum
685 878 835 929 segnior
852 879 926 918 effe
941 880 1114 931 coepiffet
1131 882 1328 921 contentio
1340 911 1354 931 ‚

63 937 206 986 rarius,
234 950 306 975 nec
334 938 402 976 nifi
431 938 479 977 ad
506 937 604 979 levia
627 941 856 990 certamina,
884 943 1170 982 excurrentibus
1199 945 1352 992 Poenis,

66 998 189 1040 dividi
222 999 353 1050 copias
386 998 554 1050 placuit,
583 1002 619 1040 &c
651 1001 800 1041 duabus
827 1002 930 1041 urbis
962 1003 1160 1053 partibus,
1186 1003 1276 1043 hinc
1303 1006 1354 1044 ad

65 1061 274 1113 AEsculapii
301 1061 458 1110 fanum,
487 1061 577 1100 inde
605 1063 689 1111 via,
719 1076 802 1114 quae
823 1064 1052 1104 Heracleam
1076 1065 1210 1115 ducit,
1238 1067 1355 1107 castra

64 1124 188 1164 statui.
227 1123 308 1162 haec
328 1123 431 1174 follis
460 1125 636 1174 utrinque
665 1128 908 1175 permunita:
945 1140 1018 1177 qua
1047 1127 1181 1167 urbem
1208 1128 1355 1179 specta-

67 1186 183 1234 bant,
206 1184 407 1224 adversum
433 1186 677 1236 eruptiones,
703 1180 818 1236 foris,
839 1201 914 1238 quo
937 1190 1077 1228 tutiora
1102 1197 1234 1229 contra
1250 1191 1353 1231 inva-

64 1248 170 1288 suros
193 1246 334 1296 essent,
359 1248 506 1298 iterque
532 1247 787 1290 subsidiorum
817 1252 858 1289 in
881 1250 1017 1291 urbem
1047 1251 1353 1293 introducendo-

64 1326 150 1352 rum
169 1311 476 1363 praecluderetur.
1341 1326 1343 1328 ·

129 1374 210 1415 LII.
253 1373 431 1413 Medium
464 1373 562 1412 inter
598 1375 675 1413 duo
711 1373 829 1414 castra
863 1374 1051 1425 spatium,
1083 1373 1351 1428 frequentibus

65 1437 245 1490 praefidiis
268 1434 569 1485 stationibusque
589 1435 740 1487 septum
757 1436 819 1478 est.
844 1436 888 1476 In
900 1437 966 1476 his
984 1438 1164 1478 omnibus
1181 1440 1350 1481 multum

67 1499 295 1551 juvabantur
311 1510 425 1548 opera
439 1497 655 1537 Siculorum
670 1529 680 1545 ,
702 1499 767 1549 qui
787 1511 921 1537 recens
942 1499 980 1538 in
1005 1499 1122 1540 fidem
1136 1512 1347 1543 venerant:

65 1574 228 1614 quorum
249 1562 327 1609 jam
353 1572 428 1598 una
450 1572 539 1598 cum
564 1560 746 1599 Romanis
776 1569 932 1600 centum
953 1561 1075 1601 millia
1099 1563 1200 1603 faeta
1226 1574 1347 1605 erant.

64 1625 121 1666 Ab
148 1623 282 1663 iisdem
309 1630 545 1661 commeatus
571 1622 767 1662 Erbell‘um
794 1622 909 1673 usque
930 1622 1265 1667 subvehebantur:
1300 1627 1350 1668 ab

66 1702 112 1727 eo
136 1687 316 1736 deinceps
334 1685 478 1736 oppido
501 1685 609 1738 (non
632 1686 761 1724 aberat
786 1696 913 1725 autem
939 1686 1081 1738 longe)
1115 1689 1184 1740 ipsi
1210 1691 1348 1730 Roma.

66 1749 104 1788 ni
128 1748 192 1787 sua
215 1747 252 1785 in
279 1747 393 1786 castra
421 1746 684 1797 deportabant.
715 1747 771 1786 lta
789 1747 923 1796 fiebat,
940 1756 981 1787 ut
995 1747 1143 1788 affatim
1161 1750 1252 1790 effet
1267 1766 1348 1792 ma-

65 1825 137 1864 gna
163 1823 290 1850 rerum
320 1808 609 1848 necessariarum
645 1810 771 1860 copia.
813 1811 899 1850 Hoc
931 1811 972 1850 in
996 1811 1092 1850 statu
1119 1813 1167 1852 ad
1198 1815 1348 1855 menses

63 1876 184 1914 ferme
210 1874 376 1923 quinque
402 1872 503 1911 haefit
524 1871 668 1911 obsidio
696 1885 704 1911 :
735 1884 824 1911 cum
846 1873 988 1911 neutris
1024 1873 1167 1925 insigne
1192 1876 1240 1914 ad
1266 1877 1345 1915 vic..

64 1937 202 1975 toriam
233 1942 474 1972 momentum
500 1934 827 1985 adeptiS(praeter
856 1933 956 1973 leves
976 1936 1078 1975 enim
1104 1937 1345 1979 velitationes

65 2007 257 2051 tentatum
282 1996 377 2035 nihil
401 1997 550 2051 fuerat)
576 2011 632 2037 res
665 1998 812 2037 Punicae
841 1997 1027 2037 deteriore
1055 1998 1143 2038 loco
1166 1999 1240 2039 esse
1266 2013 1345 2040 coe-

63 2070 212 2114 perunt.
251 2060 350 2110 Quia
375 2059 478 2099 enim
497 2061 630 2111 ingens
654 2060 855 2100 hominum
883 2060 1116 2111 multitudo,
1140 2062 1243 2103 haud
1272 2064 1345 2104 mi-

62 2139 136 2167 nus
164 2123 438 2176 quinquaginta
477 2124 592 2163 millia
627 2123 880 2173 bellatorum,
912 2133 1020 2164 tanto
1055 2128 1133 2175 jam
1167 2135 1344 2178 tempore

62 2188 167 2227 idem
199 2188 297 2226 intra
321 2185 508 2235 oppidum
532 2184 732 2234 conclusa,
757 2198 948 2225 annonam
976 2186 1052 2225 fere
1079 2200 1237 2228 omnem
1273 2190 1349 2228 ab·

62 2249 267 2297 sumsisset,
293 2248 429 2298 sperari
451 2261 539 2287 vcro
557 2247 748 2288 subvectio
769 2247 873 2288 nulla
894 2247 1031 2299 posset,
1053 2250 1179 2289 aditus
1208 2264 1344 2292 omnes

64 2313 247 2354 Romanis
261 2312 424 2352 sollicite
441 2313 764 2361 custodientibus3
783 2323 1109 2364 propugnatorum
1124 2315 1240 2354 animi
1260 2324 1344 2355 tam

63 2375 310 2427 praesentibus
339 2375 472 2423 malis,
508 2388 624 2431 quam
659 2373 943 2425 exspectatione
977 2374 1196 2414 instantium
1238 2374 1346 2415 haud

65 2438 309 2479 mediocriter
338 2438 585 2489 angebantur.
842 2483 844 2485 ,

124 2500 224 2540 Llll.
257 2499 375 2550 Igitur
406 2499 624 2539 Hannibale
651 2499 824 2551 Gisgonis
855 2497 960 2547 filio,
986 2499 1105 2554 (nam
1132 2498 1196 2538 hic
1225 2497 1337 2538 rebus

130 2568 183 2611 T.
207 2566 299 2611 Liv.
324 2568 420 2611 Vol.
446 2567 533 2612 III.
1046 2565 1092 2609 O
