1701 3008
341 248 432 297 342
696 232 1261 283 T1T1L1V11

339 420 370 464 Ι.
408 350 514 464 ΙΝ
547 423 669 478 parte
696 413 846 476 operis
876 414 965 461 mei
991 413 1098 463 licet
1126 415 1236 463 mihi
1264 418 1468 480 praefari,
1497 420 1624 484 quod

339 488 385 534 in
415 486 641 549 principio
672 484 852 533 summae
887 486 1028 535 totius
1061 488 1244 551 profeffi
1280 490 1486 555 plerique
1521 492 1625 539 sunt

339 577 488 608 rerum
517 559 778 622 scriptores,
804 559 971 607 bellum
997 561 1192 608 maxime
1213 563 1421 610 omnium
1444 581 1626 612 memo-

339 633 479 680 rabile
499 669 513 689 ‚
549 650 650 695 quae
682 649 879 696 unquam
917 633 1034 697 gesta
1065 634 1149 681 sint
1168 671 1182 693 ,
1216 653 1288 682 me
1321 636 1625 700 scripturum;

339 706 465 771 quod
491 704 740 752 Hannibale
767 704 880 753 duce
913 706 1301 770 Carthaginienses
1334 726 1438 756 cum
1471 727 1625 773 popu-

342 779 391 825 lo
429 779 642 824 Romano
682 777 859 841 gessere.
921 779 1037 826 Nam
1069 796 1213 843 neque
1239 780 1485 828 validiores
1520 782 1628 845 opi-·

344 848 425 895 bus
458 849 563 896 ullae
597 848 715 896 inter
748 849 790 896 se
825 850 1029 900 civitates
1062 851 1300 915 gentesque
1335 853 1629 901 contulerunt

343 938 494 981 arma,
521 938 666 984 neque
690 921 758 968 his
792 921 895 985 ipfis
924 935 1099 970 tantum
1123 941 1323 988 unquam
1353 925 1521 972 virium
1554 936 1631 972 aut

345 994 526 1042 roboris
556 993 667 1040 fuit:
702 996 752 1042 &
781 995 899 1041 haud
922 994 1102 1060 ignotas
1133 996 1240 1043 belli
1271 1008 1385 1045 artes
1415 997 1529 1045 inter
1557 996 1630 1056 se,

344 1068 419 1120 sed
453 1078 656 1130 expertas
694 1067 844 1130 primo
871 1068 1045 1116 Punico
1076 1068 1371 1117 conserebant
1403 1069 1539 1117 bello.
1577 1071 1629 1118 &

347 1144 461 1190 adeo
493 1143 618 1191 varia
643 1142 749 1189 belli
787 1141 971 1190 fortuna
1008 1143 1259 1208 ancepsque
1286 1146 1405 1191 Mars
1434 1143 1548 1203 fuit,
1577 1152 1629 1190 ut

346 1215 534 1280 propius
577 1214 829 1278 periculum
864 1214 1069 1274 fuerint,
1107 1215 1185 1279 qui
1221 1214 1446 1264 vicerunt.
1497 1214 1631 1262 Odiis

347 1289 483 1336 etiam
515 1303 660 1351 prope
687 1287 935 1350 majoribus
970 1299 1224 1347 certarunt,
1256 1305 1392 1352 quam
1420 1287 1595 1336 viribus
1615 1305 1629 1334 :

348 1361 570 1408 Romanis
600 1359 964 1424 indignantibus,
996 1361 1124 1425 quod
1149 1359 1397 1410 victoribus
1423 1359 1532 1408 victi
1559 1358 1633 1406 ul·-

348 1446 421 1485 tro
454 1434 671 1481 inferrent
695 1450 849 1490 arma3
885 1435 1062 1490 Poenis,
1094 1435 1221 1498 quod
1252 1434 1438 1499 superbe
1469 1450 1633 1482 avare-

349 1522 437 1569 que
472 1507 705 1553 crederent
729 1505 1034 1569 imperitatum
1054 1506 1183 1556 vietis
1202 1508 1300 1555 effe.
1336 1511 1477 1573 Fama
1494 1507 1631 1554 etiam

351 1579 442 1651 est,
468 1579 766 1626 Hannibalem
787 1596 1010 1627 annorum
1037 1581 1175 1629 ferme
1200 1573 1374 1631 novem
1382 1616 1428 1641 ,
1428 1579 1632 1648 puerih-

351 1665 419 1701 ter
453 1652 751 1699 blandientem
782 1653 899 1716 patri
928 1648 1200 1713 Hamilcari,
1231 1665 1283 1701 ut
1316 1653 1594 1723 duceretur
1572 1670 1632 1720 m

316 1719 321 1770 vs
351 1725 643 1789 Hispaniam,
679 1742 810 1783 cum,
841 1726 1040 1789 perfeeto
1076 1727 1235 1775 Africo
1270 1725 1425 1784 bello,
1462 1717 1634 1773 exerci-

317 1790 320 1864 Ᾰ
349 1811 449 1846 tum
476 1816 532 1845 eo
559 1799 817 1868 traiecturus
836 1799 1117 1858 sacrific-aret,
1137 1800 1348 1849 altaribus
1368 1760 1632 1878 admotum,

313 1891 317 1894 ·
350 1869 474 1916 tactis
495 1868 625 1916 {acris
644 1868 935 1932 jurejurando
956 1871 1188 1927 adactum,
1218 1870 1284 1929 se,
1317 1888 1419 1918 cum
1438 1886 1634 1935 prlfflujn

281 1933 296 1949 '⁶
351 1941 521 2005 posset,
540 1941 714 1990 hostem
734 1942 833 1989 fore
857 1942 1034 2006 populo
1053 1943 1282 2003 Romano,
1309 1942 1545 2005 Angebant
1561 1941 1634 1987 in-

300 2022 305 2030 ‘
352 2014 496 2077 gentis
533 2012 712 2075 spiritus
748 2015 900 2067 virum
935 2015 1086 2062 Sicilia
1120 2014 1408 2079 Sardiniaque
1444 2013 1632 2061 amissae:

354 2102 457 2130 nam
492 2087 542 2131 &
572 2086 762 2133 Siciliam
801 2086 929 2133 nimis
967 2087 1101 2133 celeri
1136 2086 1445 2148 desperatione
1481 2102 1633 2132 rerum

355 2156 603 2203 concessam
619 2192 632 2216 ‚
662 2159 710 2205 ὅ(
729 2157 977 2204 Sardiniam
1002 2158 1118 2204 inter
1135 2169 1312 2204 motum
1331 2156 1495 2202 Africae
1513 2155 1632 2202 frau-

354 2228 408 2272 de
430 2230 742 2277 Romanorum
758 2267 771 2290 ‚
794 2231 1012 2294 stipendio
1033 2233 1166 2280 etiam
1189 2230 1367 2295 insuper
1391 2230 1633 2294 imposito,

354 2315 469 2345 inter
475 2314 587 2364 cept
579 2320 662 2349 tm.

437 2375 487 2418 ΙΙ.
524 2374 603 2419 His
632 2375 790 2422 anxius
819 2394 896 2424 cu1
902 2394 936 2422 is
966 2377 1027 2423 ita
1062 2376 1102 2422 se
1128 2374 1286 2423 Africo
1318 2374 1475 2433 bello,
1509 2375 1634 2439 quod

355 2444 440 2491 fuit
469 2445 545 2491 sul)
579 2460 801 2493 recentem
827 2451 1079 2496 Romanam
1106 2466 1294 2531 pacem
1330 2466 1408 2512 per
1432 2448 1633 2512 quinque

356 2534 524 2580 annos,
549 2519 609 2569 ita
641 2519 798 2568 deinde
818 2538 989 2572 novem
1013 2523 1139 2570 annis
1162 2524 1209 2571 in
1231 2522 1440 2589 Hispania
1465 2539 1521 2572 au,
1523 2537 1632 2586 gen·-
