1701 3008
337 251 949 300 HisToRIARUM
982 251 1114 297 ΜΒ.
1149 251 1211 297 X.
1371 263 1428 314 59

127 362 292 428 phasse.
326 362 510 419 Fabius,
531 362 667 408 ambo
700 359 906 406 consules
926 359 974 405 in
991 360 1175 406 Samnio
1195 359 1318 408 &ad
1342 361 1430 405 Lu-

129 439 296 485 ceriam
329 453 399 484 res
432 435 598 500 geffisse
614 471 628 493 ‚
660 434 808 480 scribit
826 470 840 492 ,
859 434 1199 496 traductumque
1220 433 1267 479 in
1291 434 1430 480 Etru-

130 510 243 557 riam
284 510 565 565 exercitum,
587 507 700 572 (sed
730 506 786 552 ab
817 519 923 552 utro
958 505 1144 553 consule
1180 521 1277 552 non
1312 506 1432 566 adje-

132 582 228 648 cit)
251 586 299 631 &
316 583 372 630 ad
388 582 619 629 Luceriam
637 579 850 642 utrinque
871 578 1041 625 multos
1066 577 1261 625 occisos.
1293 577 1433 641 inque

133 674 189 704 ea
219 673 367 719 pugna
389 655 518 703 Jovis
544 653 732 700 Statoris
762 652 902 698 aedem
929 664 1113 708 votam,
1140 662 1189 696 ut
1209 652 1434 697 Romulus

136 743 240 777 ante
269 738 499 774 voverat:
542 725 617 772 sed
645 725 803 774 fanum
839 736 1041 779 tantum,
1075 723 1119 768 id
1149 721 1239 780 est,
1271 722 1398 770 locus
1417 759 1434 781 ,

66 807 69 810 ⁴
133 801 309 864 templo
342 798 526 858 effatus,
557 798 750 846 sacratus
778 796 936 845 fuerat,
969 796 1210 852 Ceterum,
1238 793 1327 841 hoc
1360 795 1434 841 de-

134 893 262 924 mum
295 890 416 921 anno
449 885 498 920 ut
535 873 676 919 aedem
711 871 842 918 etiam
881 869 977 917 fieri
1017 869 1191 916 senatus
1227 867 1435 928 juberet,

136 949 207 996 bis
235 946 431 1011 ejusdem
457 947 560 997 voti
589 946 799 995 damnata
823 943 1070 1009 respublica
1101 942 1150 989 in
1169 941 1437 1005 religionem

137 1023 282 1074 venit.

208 1094 471 1144 XXXVIII.
504 1090 713 1155 Sequitur
743 1091 867 1138 hunc
896 1107 1068 1138 annum
1100 1090 1150 1137 ὅ(
1182 1088 1340 1135 consul
1364 1088 1439 1135 in-

138 1171 273 1235 fignis
304 1173 352 1216 L.
371 1167 576 1232 Papirius
609 1165 810 1222 Cursor,
829 1182 918 1228 qua
946 1175 1128 1227 paterna
1156 1162 1300 1226 gloria
1318 1198 1331 1219 ‚
1353 1180 1441 1226 qua

139 1244 254 1291 sua:
293 1245 344 1290 &
379 1241 548 1289 bellum
585 1239 743 1303 ingens
777 1238 1059 1300 victoriaque
1081 1272 1095 1295 ‚
1128 1246 1339 1299 quantam
1377 1236 1441 1281 ‘de

141 1316 417 1366 Samnitibus
458 1331 595 1362 nemo
634 1314 690 1360 ad
724 1329 822 1360 eam
859 1312 977 1360 diem
997 1346 1011 1367 ,
1038 1321 1198 1372 praeter
1228 1310 1277 1354 L.
1309 1308 1441 1369 Papi-

142 1391 262 1438 rium
293 1402 466 1453 patrem
495 1386 692 1435 consulis
713 1423 728 1445 ‚
753 1395 1016 1450 pepererat:
1049 1385 1098 1430 &
1133 1381 1251 1428 forte
1280 1381 1443 1427 eodem

143 1476 317 1511 conatu
347 1473 652 1527 apparatuque
681 1460 810 1509 omni
843 1456 1077 1521 opulentia
1105 1454 1345 1518 insignium
1375 1472 1443 1501 ar-

143 1555 328 1585 morum
365 1536 536 1584 bellum
572 1535 937 1581 adornaverant:
973 1533 1023 1578 δε
1059 1530 1271 1576 Deorum
1309 1528 1445 1574 etiam

149 1612 451 1659 adhibuerant
482 1625 593 1672 opes
610 1643 623 1664 ‚
646 1609 735 1654 ritu
763 1607 959 1671 quodam
981 1603 1242 1652 sacramenti
1264 1602 1444 1650 vetusto

148 1686 276 1735 velut
312 1684 499 1732 initiatis
531 1683 750 1730 militibus
771 1718 786 1740 ‚
817 1681 991 1728 delec'tu
1032 1695 1112 1741 per
1146 1693 1283 1724 omne
1318 1678 1446 1723 Sam-

148 1759 276 1806 nium
298 1758 455 1805 habito
480 1774 606 1804 nova
631 1755 727 1819 lege
747 1773 758 1802 τ
775 1766 848 1814 ut,
867 1754 945 1817 qui
962 1752 1195 1814 juniorum
1215 1766 1310 1797 non
1331 1768 1446 1798 con-

151 1832 346 1881 venisset
371 1832 427 1878 ad
458 1829 801 1893 imperatorium
834 1828 1056 1885 edifitum,
1087 1826 1255 1888 quique
1287 1824 1449 1885 injussu

151 1905 341 1962 abisset,
378 1917 513 1966 caput
540 1903 648 1951 Jovi
675 1902 893 1950 sacratum
923 1900 1041 1947 esset.
1075 1899 1194 1945 Tum
1226 1899 1449 1946 exercitus·

152 1975 301 2023 omnis
322 1975 618 2039 Aquiloniam
639 1974 701 2021 cst
719 1974 924 2020 indictus.
962 1972 1016 2017 ad
1042 1971 1333 2034 quadraginta
1353 1971 1452 2016 mil-

150 2049 212 2096 lia
245 2048 472 2105 militum,
498 2047 623 2111 quod
659 2046 840 2092 roboris
881 2045 926 2090 in
961 2043 1146 2089 Samnio
1178 2055 1304 2100 erat,
1334 2060 1450 2089 con-

152 2132 395 2171 venerunt.
431 2120 497 2167 Ibi
525 2119 683 2166 mediis
711 2119 803 2165 fere
833 2117 980 2166 castris
1007 2116 1135 2164 locus
1166 2116 1226 2162 est
1256 2114 1450 2177 consep—

154 2207 231 2242 tus
270 2194 466 2242 cratibus
497 2191 779 2256 pluteisque,
817 2193 867 2238 ὅτ.
897 2189 1045 2236 linteis
1077 2190 1309 2236 contectus
1328 2224 1342 2246 ‚
1373 2205 1452 2250 pa·-

155 2285 256 2317 tens
284 2270 506 2316 ducentos
528 2265 721 2312 maxime
748 2265 882 2327 pedes
905 2264 950 2309 in
972 2279 1132 2309 omnes
1162 2261 1327 2323 pariter
1353 2277 1452 2323 par-

157 2354 238 2390 tes.
274 2341 339 2388 Ibi
374 2358 430 2388 ex
463 2340 582 2386 libro
615 2350 770 2384 vetere
802 2337 944 2384 linteo
975 2336 1091 2382 lecto
1123 2332 1414 2380 sacrificatum
1435 2367 1452 2388 ‚

158 2415 389 2464 sacerdote
411 2414 542 2461 Ovio
564 2412 716 2460 Ρτιᾶὶὶο
737 2410 936 2474 quodam
954 2446 969 2467 ‚
983 2408 1170 2455 homine
1189 2421 1353 2468 magno
1376 2420 1451 2447 na-

158 2500 240 2544 tu,
267 2488 346 2551 qui
376 2487 417 2534 se
454 2487 499 2534 id
532 2486 700 2533 sacrum
730 2496 881 2548 petere
913 2483 1162 2530 affirmabat
1195 2496 1249 2525 ex
1282 2474 1453 2522 vetusta

159 2559 428 2611 Samnitium
451 2559 698 2624 religione3
721 2575 810 2624 qua
833 2555 1063 2621 quondam
1083 2553 1144 2600 ufi
1164 2550 1357 2610 majores
1376 2561 1454 2591 eo·
