1701 3008
257 196 865 245 fflsTotztARUM
910 198 1044 246 ΜΒ.
1079 198 1140 247 x.
1295 212 1348 264 15

57 306 134 358 sed
165 322 245 355 eos
267 307 353 355 alia
384 306 623 353 molientes
644 306 890 353 Gallorum
920 305 1077 370 ingens
1098 304 1355 364 exercitus,

59 379 173 427 fines
201 378 448 443 ingressus,
473 376 699 441 paulisper
730 394 755 423 a
783 377 1023 440 proposito
1061 378 1245 426 avertit.
1276 380 1359 426 Pe-

60 452 196 501 cunia
216 452 408 510 deinde,
441 469 528 516 qua
550 451 742 497 multum
773 462 1014 513 poterant,
1043 451 1182 511 freti,
1207 452 1358 500 socios

60 543 121 574 ex
146 526 352 574 hostibus
379 525 526 573 facere
544 523 702 571 Gallos
724 536 951 571 conantur
966 561 981 584 ,
1014 537 1064 573 ut
1085 542 1142 572 eo
1167 526 1359 588 adjunc-

60 610 114 644 to
142 597 347 646 exercitu
380 613 485 643 cum
515 595 736 642 Romanis
767 595 999 644 bellarent.
1039 599 1115 645 De
1145 598 1359 645 societate

60 671 182 718 haud
199 670 405 717 abnuunt
422 668 625 717 barbari:
661 669 716 716 de
733 671 940 718 mercede
956 671 1115 735 agitur.
1149 689 1236 736 qua
1255 690 1360 736 pac-

59 753 107 789 ta
125 753 400 805 acceptaque
413 778 428 801 ,
462 758 564 788 cum
593 753 746 804 parata
767 753 913 789 cetera
931 743 986 789 ad
1005 743 1174 790 bellum
1188 745 1361 803 estem,

60 811 275 876 sequique
306 811 516 859 Etruscus
545 810 744 873 juberet,
771 811 942 859 inficias
971 825 1112 872 eunt,
1145 821 1361 863 mercedezzz.

55 887 109 948 fe
125 889 222 933 belli
243 889 454 932 Romanis
483 885 689 945 inferendi
708 886 871 946 pac-[¹05.
896 891 1101 949 quidquid
1113 894 1361 950 acceperim,

60 957 258 1021 accepzſje
274 994 288 1017 ,
321 978 372 1005 ne
399 977 546 1021 agrum
567 959 791 1020 Etruscum
816 962 1044 1027 vastarent,
1069 963 1272 1023 armisque
1293 966 1362 1008 la-

62 1030 247 1096 cefferent
263 1037 449 1079 cultores.
481 1033 747 1078 Militaturos
764 1033 961 1094 tamense
971 1070 986 1091 ,
1007 1035 1059 1099 st
1072 1038 1210 1097 utique
1233 1038 1362 1082 Emt-

51 1106 124 1167 fii
141 1108 273 1153 velint
285 1124 305 1162 ;
325 1106 409 1168 sed
429 1110 550 1152 nulla
571 1110 660 1152 alia
677 1110 880 1166 mercede,
910 1128 1035 1170 quam
1061 1124 1108 1155 ut
1139 1113 1187 1155 in
1198 1126 1364 1171 part-cm.

62 1184 157 1243 agri
185 1183 448 1242 accipiantur
467 1215 483 1237 ,
519 1184 762 1242 tandemque
793 1186 938 1242 aliqua
956 1173 1191 1242 fide—certa
1225 1183 1364 1248 confi·-

50 1256 186 1322 stant.
220 1252 367 1299 Multa
391 1253 446 1298 de
471 1268 527 1298 eo
557 1252 754 1299 concilia
775 1253 1053 1316 populorum
1075 1255 1264 1301 Etruriae
1286 1256 1364 1302 ha-

63 1324 187 1371 bita:
217 1341 302 1373 nec
334 1322 490 1387 perfici
521 1324 766 1388 quidquam
791 1325 972 1388 potuit3
1005 1342 1102 1374 non
1137 1338 1229 1374 tam
1255 1327 1364 1390 quia

63 1397 274 1445 imminui
309 1415 500 1462 agrum,
532 1415 666 1461 quam
699 1398 803 1462 quia
839 1399 1020 1447 accolas
1057 1399 1138 1446 fibi
1175 1399 1364 1464 quisque

70 1469 317 1534 adjungere
358 1483 450 1517 tam
485 1470 677 1517 efferatae
709 1471 855 1553 gentis
890 1470 1099 1518 homines
1137 1472 1364 1520 horrebat.

68 1544 132 1592 ita
161 1545 324 1593 dimiffi
354 1544 479 1592 Galli
504 1541 743 1608 pecuniam
771 1545 998 1610 ingentem
1028 1545 1118 1592 fine
1139 1546 1294 1593 labore
1311 1563 1382 1593 ao-

67 1616 278 1680 periculo
308 1630 479 1681 partam
509 1617 773 1666 retulerunt.
806 1619 969 1665 Romae
994 1624 1214 1666 terrOrem
1247 1637 1365 1683 prae-

67 1690 170 1737 buit
201 1690 318 1738 fama
338 1690 507 1738 Gallici
526 1690 744 1738 tumultus
762 1692 817 1737 ad
848 1692 1014 1739 bellum
1034 1692 1271 1740 Etruscum
1289 1694 1365 1740 ad-

63 1762 195 1826 jeffi:
237 1780 294 1811 eo
328 1764 475 1811 minus
509 1764 766 1811 cunctanter
803 1763 953 1813 foedus
983 1766 1119 1813 ictum
1154 1784 1258 1815 cum
1293 1767 1393 1815 Pi·-

67 1837 191 1884 centi
220 1838 399 1900 populo
433 1837 512 1885 est.
1338 1878 1349 1885 .

139 1910 222 1956 XI.
256 1912 313 1958 T.
345 1911 522 1958 Manlio
559 1910 736 1959 consuli
765 1912 940 1959 Etruria
972 1911 1221 1973 provincia
1248 1911 1367 1958 sorte

68 1983 256 2040 evenit;
284 1985 395 2047 qui,
423 1985 618 2033 vixdum
645 1987 859 2055 ingressus
879 1986 1073 2033 hostium
1100 1985 1210 2033 fines
1227 2023 1241 2046 ‚
1263 2004 1367 2035 cum

68 2069 359 2104 exerceretur
391 2057 508 2105 inter
538 2059 736 2122 equites,
756 2060 811 2107 ab
827 2060 987 2123 rapido
1016 2060 1146 2107 cursu
1172 2061 1367 2108 circum-

69 2130 245 2193 agendo
283 2147 403 2194 equo
436 2132 626 2190 effusus,
659 2134 888 2196 extemplo
917 2150 1060 2197 prope
1099 2133 1367 2195 exspiravit.

68 2201 230 2249 tertius
260 2202 323 2248 ab·
343 2218 400 2248 eo
434 2202 534 2250 casu
565 2203 658 2251 dies
680 2203 780 2252 finis
802 2206 909 2252 vitae
933 2204 1106 2252 consuli
1129 2203 1228 2252 fuit.
1252 2205 1366 2263 Quo

67 2273 198 2321 velut
224 2275 379 2324 omine
408 2276 514 2323 belli
536 2291 750 2342 accepto,
780 2280 910 2326 Deos
935 2295 1021 2342 pro
1053 2278 1093 2325 se
1117 2277 1368 2326 commisis-

69 2347 114 2394 se
146 2348 316 2395 bellum
356 2364 661 2399 memorantes
697 2353 899 2412 Etrusci,
937 2352 1148 2400 sustulere
1175 2352 1368 2398 animos.

70 2421 266 2482 Romae,
302 2436 396 2472 tum
438 2427 819 2487 desiderio-viri,
855 2441 949 2474 tum
986 2425 1369 2473 incommoditate

67 2495 323 2559 temporis,
349 2498 485 2548 tristis
515 2500 703 2550 nuntius
723 2500 839 2550 fuit:
869 2513 923 2549 ut
946 2502 1093 2548 Patres
1121 2499 1178 2547 ab
1203 2497 1366 2561 juben-
