1701 3008
290 195 388 245 ³260
452 191 554 243 JO.
591 181 1102 237 FREINSHEMII
1136 182 1489 232 SUPPLEM.'

288 316 385 345 fnem
405 301 518 354 J'uffit.
540 297 679 338 deinde
693 294 944 346 praecipiens,
965 300 1009 332 ut
1029 292 1108 332 sese
1130 299 1265 332 mutuo
1287 291 1584 343 prehendereue,

288 365 467 417 :rogando
491 361 720 413 ignotiorem
747 369 941 407 quemque
956 386 967 405 ,
990 356 1069 408 quis
1090 355 1167 408 effit
1181 386 1194 402 ,
1219 367 1282 394 aut
1302 355 1400 406 cujus
1415 356 1463 393 rei
1475 348 1584 406 causa

293 425 465 473 Panormi
492 433 630 475 ageret,
661 418 923 470 exploratores
952 415 1215 467 deprehendit.
1261 416 1320 456 Ex
1348 415 1487 465 quibus
1515 414 1582 454 ubi

295 488 459 534 didicit,
485 484 577 536 quid
607 481 713 534 apud
744 480 869 519 hostes
895 487 1090 531 ageretur,
1119 477 1386 517 animadverso
1413 478 1498 528 plus
1529 484 1583 516 te-

292 549 479 592 meritatis
501 559 617 598 quam
644 543 790 583 confilii
815 543 854 581 in
879 541 1123 593 expeditione
1149 541 1358 581 Poenorum
1383 539 1481 586 effe,
1505 552 1582 590 quo

290 614 415 665 magis
444 612 492 652 ad
521 611 691 660 ineptam
716 607 902 647 fiduciam
935 606 1111 644 incautos
1143 604 1369 655 proliceret,
1393 602 1584 642 simulavit

292 688 458 728 metum,
475 676 623 725 &intra
638 673 877 714 munimenta
894 670 996 709 urbis
1012 669 1048 709 se
1069 668 1272 708 continuit.
1298 667 1478 707 Fe-roeior
1492 679 1583 717 ergo
1598 669 1605 676 ''

288 741 416 788 faetus,
450 736 660 785 Asdrubal,
700 734 889 788 promotis
925 732 1050 772 castris
1090 744 1224 782 agrum
1265 731 1583 770 Panormitanum

293 807 439 852 vastat,
464 803 563 852 urit,
583 802 712 851 fruges
737 797 970 847 corrumpit,
991 796 1040 834 ad
1068 792 1166 846 ipsos
1189 794 1308 845 usque
1325 793 1430 832 urbis
1453 805 1584 832 muros

293 865 588 922 populationem
622 862 780 914 profert.
816 871 942 909 neque
966 858 1112 896 moveri
1143 855 1220 894 hoc
1239 854 1302 894 vel
1330 855 1499 902 damno,
1521 853 1583 894 vel

294 932 463 983 pudori-r,
484 925 686 978 proconsul
704 939 712 965 z
745 932 848 963 ratus
864 952 878 969 ,
894 921 920 960 sl
942 919 1140 971 paululum
1166 917 1417 967 sustinuisset,
1438 927 1585 957 utrum-

294 996 353 1035 vis
384 995 424 1032 in
457 994 591 1031 {Tetios
614 1003 702 1028 cum
727 986 876 1038 ingenti
904 985 1055 1024 foenore
1081 983 1297 1022 derivatum
1322 982 1381 1021 iri.
1415 982 1583 1021 maxime

294 1070 385 1099 vero
406 1056 604 1096 utiiurnen
621 1050 812 1094 Orethum
825 1081 835 1098 ,
850 1048 953 1100 quod
976 1046 1177 1086 meridiem
1194 1045 1317 1085 versus
1337 1044 1472 1084 urbem
1490 1058 1585 1094 pra‘o

295 1116 516 1165 testabitur,
532 1115 731 1154 transirent
747 1112 888 1160 hostes,
908 1109 1160 1162 exspeerabat.
1179 1108 1256 1148 hoc
1276 1109 1379 1148 enim
1395 1109 1419 1148 fi
1436 1108 1583 1149 facium

294 1181 412 1228 esset,
441 1179 748 1231 praemeditatam
781 1175 1077 1226 expeditamque
1109 1173 1278 1213 νὶἂοῑίθε
1311 1173 1410 1211 viam
1443 1170 1584 1210 habere

295 1242 462 1282 rebatur.
490 1242 535 1282 Id
561 1249 606 1279 ut
634 1237 911 1288 assequeretur,
940 1249 1030 1276 cum
1060 1237 1172 1276 rebus
1205 1237 1339 1276 ceteris
1362 1237 1400 1275 in
1418 1235 1585 1286 speciem

295 1307 431 1346 timide
459 1300 728 1345 administratis
748 1331 759 1349 ,
794 1308 878 1339 tum
913 1310 1217 1351 propugnatores
1251 1299 1292 1337 in
1329 1298 1446 1337 muris
1481 1311 1588 1337 raros

296 1368 550 1415 collocando,
581 1367 616 1406 δὲ
641 1363 813 1403 animum
842 1358 998 1404 suorum
1027 1366 1062 1404 ἃ
1086 1374 1292 1402 numerum
1322 1360 1369 1401 ab
1397 1361 1503 1400 hoste
1519 1362 1587 1400 de·

254 1448 255 1453 ¹
294 1431 392 1484 spici
420 1429 612 1481 cupiebat.

352 1493 433 1534 LlI.
450 1493 537 1533 Hoc
566 1490 765 1530 consilium
779 1521 791 1538 ,
812 1502 901 1528 cum
921 1491 955 1529 δε
971 1489 1110 1528 Praetor
1127 1488 1292 1527 hostium
1315 1487 1475 1528 audacia
1494 1486 1585 1535 sua,

300 1554 572 1606 &improviso
601 1553 687 1592 casu
725 1552 801 1591 sors
836 1551 1014 1601 juviss'et,
1042 1564 1090 1590 ex
1129 1550 1316 1589 sententia
1346 1548 1586 1600 proconsulis

300 1618 416 1657 cessit.
458 1618 542 1657 Nec
577 1616 679 1654 enim
712 1613 835 1653 defuit
867 1611 1053 1653 Asdrubal
1087 1621 1170 1651 tum
1207 1613 1338 1662 copias
1367 1611 1585 1661 pedestres,

298 1690 384 1721 tum
423 1681 635 1731 equitatum
664 1682 700 1719 Sc
729 1677 956 1729 elephantos
993 1690 1141 1729 omnes-
1162 1675 1428 1723 transducere,
1456 1675 1587 1725 positis

300 1746 410 1794 juxta
432 1755 561 1782 muros
584 1743 723 1792 oppidi
746 1741 895 1790 castris,
916 1748 1023 1780 tanto
1052 1752 1140 1778 cum
1164 1745 1362 1778 contemtu
1386 1736 1585 1783 confeffae,

301 1814 346 1846 ut
361 1804 575 1856 putabant,
598 1802 765 1842 hostium
790 1801 1030 1849 formidinis,
1052 1810 1096 1839 ut
1114 1812 1239 1849 neque
1258 1797 1359 1837 vallo
1382 1797 1446 1836 fibi
1462 1810 1586 1846 neque

299 1866 395 1907 fossa
422 1879 519 1916 opus
540 1865 614 1905 effe
641 1865 857 1914 judicantes
874 1894 885 1912 ,
913 1862 1027 1902 nullis
1054 1861 1207 1901 defensa
1232 1861 1480 1900 munimentis
1506 1869 1587 1898 ten-

302 1930 399 1969 toria
433 1929 606 1980 figerent.
648 1928 702 1967 Eo
735 1939 825 1966 cum
851 1926 938 1965 lixae
965 1924 1267 1975 mercatoresque
1297 1924 1493 1974 ingentem
1523 1933 1592 1961 rin-⁷

303 2002 446 2031 nonam
485 1991 772 2041 plurimumque
805 1990 883 2029 vini
922 1988 1206 2036 convexissent‚
1242 1986 1467 2026 mercenarii
1497 1984 1585 2024 Car-

303 2053 599 2104 thaginienfium
616 2052 727 2092 avide
754 2052 887 2091 hausto
909 2064 1038 2098 mero,
1067 2048 1296 2089 clamoribus
1323 2047 1503 2093 dissonis,
1526 2054 1585 2084 tu-

305 2118 507 2168 multuque
543 2119 578 2157 δε
603 2117 780 2166 strepitu,
804 2115 924 2166 qualis
963 2115 1187 2154 ebrietatem
1221 2112 1325 2162 sequi
1357 2111 1476 2156 solet,
1503 2122 1586 2148 om-

304 2182 366 2220 nia
389 2179 644 2232 complevere.
672 2180 775 2219 Tum
799 2192 887 2218 vero
915 2172 1421 2228 tempestivumproconsuli
1440 2171 1586 2218 visum,

304 2242 443 2281 emillis
466 2242 651 2293 expeditis
680 2240 804 2280 hostes
826 2241 872 2280 ad
899 2252 1067 2291 pugnam
1093 2237 1279 2289 prolicere
1295 2265 1306 2283 ,
1332 2233 1585 2285 processitque

305 2316 362 2342 res
389 2303 440 2342 ita
459 2303 645 2351 feliciter,
674 2311 716 2341 ut
739 2302 818 2341 aliis
850 2301 1005 2352 aliisque
1027 2298 1190 2338 subinde
1216 2293 1555 2347 prorumpentibus
1571 2323 1585 2342 ,

307 2365 466 2404 tandem
494 2372 600 2402 totus
629 2363 845 2403 Asdrubalis
877 2363 1065 2402 exercitus
1094 2372 1115 2397 e
1145 2358 1267 2397 castris
1292 2357 1613 2413 educereturffifx

352 2492 374 2532 ς
400 2490 469 2522 L1.·
489 2489 605 2533 Polyb.
646 2489 794 2521 Fut-llus
825 2488 866 2522 de
896 2487 964 2521 reb.
1000 2485 1065 2519 Sic.
1091 2495 1132 2526 2,
1153 2495 1185 2524 4.
1207 2483 1322 2517 Front.
1344 2482 1444 2517 Strat.
1468 2492 1505 2527 3,
1532 2491 1585 2522 17⁹.

307 2536 331 2580 5
364 2535 431 2569 Lll.
455 2535 556 2569 Diod.
583 2535 700 2579 i'ulyb.
