1701 3008
191 221 711 270 HlSTORlARU
739 224 787 268 M
830 224 970 271 LIB.
1006 225 1162 273 XXI.
1246 227 1332 294 3335

54 327 314 373 sentientem
336 327 561 374 contracla
580 337 681 373 ante
698 326 837 390 mala)
856 344 951 374 non
972 341 1163 391 poterat.
1192 330 1340 378 otium

54 399 219 445 etenim
245 415 303 444 ex
335 399 516 457 labore,
549 398 681 461 copia
709 415 765 444 ex
795 398 980 462 inopia,
1017 401 1162 448 cultus
1193 419 1249 456 ex
1285 404 1342 450 il·-

54 472 180 519 luvie
207 473 396 535 tabeque
415 508 429 528 ‚
455 471 650 537 squalida
682 473 732 519 δε
760 489 905 535 prope
933 474 1108 521 efferata
1143 491 1341 538 corpora

56 544 178 592 varie
204 545 465 592 movebant.
502 547 563 591 Ea
583 545 628 590 P.
649 543 872 591 Cornelio
893 545 1062 592 consuli
1084 547 1212 594 causa
1231 547 1342 607 fuit,

56 634 159 665 cum
187 616 302 664 Pisas
331 616 520 664 navibus
540 616 751 674 veniss'et,
781 617 981 664 exercitu
1005 636 1028 664 a
1048 619 1222 666 Manlio
1240 621 1342 667 Ati-

56 691 210 754 lioque
241 702 431 754 accepto
452 691 601 737 tirone
617 727 631 747 ‚
666 691 715 737 &
746 689 794 736 in
816 690 954 737 novis
974 691 1237 754 ignominiis
1255 706 1342 742 tre-

55 765 165 828 pido
184 801 198 822 ,
219 765 274 812 ad
293 765 462 811 Padum
486 763 748 820 festinandi;
783 775 833 810 ut
856 781 957 811 cum
980 765 1106 812 hoste
1136 767 1343 814 nondum

56 837 224 885 refecio
241 854 422 884 manum
441 836 708 884 consereret.
737 835 809 882 sed
826 854 930 883 cum
943 837 1213 886 Placentiam
1232 858 1343 887 con-

57 910 124 957 sul
143 910 297 969 venit,
328 910 416 972 jam
443 927 497 956 ex
526 909 696 956 stativis
716 920 926 956 moverat
945 909 1200 968 Hannibal;
1224 913 1346 960 Tau-

56 984 356 1047 rinorumque
386 1000 520 1029 unam
543 983 698 1029 urbem
718 1018 732 1040 ‚
765 995 900 1045 caput
921 983 1064 1046 gentis
1091 983 1212 1045 ejus,
1241 986 1348 1050 quia

57 1057 260 1106 volentis
289 1056 336 1103 in
364 1056 608 1104 amicitiam
628 1073 723 1103 non
742 1056 1012 1115 veniebant,
1044 1058 1093 1105 vi
1119 1075 1348 1124 expugna-

59 1140 149 1176 rat:
185 1127 484 1192 iunxissetque
507 1126 586 1173 fibi
601 1163 615 1185 ‚
650 1145 747 1175 non
767 1141 891 1176 metu
909 1128 1054 1177 solum
1074 1166 1088 1190 ‚
1119 1131 1192 1179 sed
1211 1134 1348 1181 etiam

59 1202 328 1260 voluntate,
357 1201 515 1249 Gallos
551 1201 729 1249 accolas
764 1202 901 1259 Padi;
933 1203 981 1250 ni
1015 1221 1118 1263 eos,
1153 1205 1346 1255 circum-

58 1274 302 1337 spectantes
321 1274 583 1321 defectionis
603 1286 803 1336 tempus,
825 1274 972 1324 subito
992 1278 1215 1326 adventus
1236 1297 1348 1328 con·

58 1346 160 1393 sulis
181 1346 470 1410 opprefiiffet.
509 1348 563 1392 Et
584 1347 811 1394 Hannibal
841 1349 992 1397 movit
1023 1353 1347 1416 eanaurinis‚

59 1420 286 1478 incertos,
318 1436 418 1482 quae
446 1435 545 1481 pars
574 1419 796 1482 sequenda
816 1421 949 1480 effer,
975 1423 1132 1472 Gallos
1152 1426 1350 1488 praesen·-

60 1506 150 1541 tem
185 1493 227 1540 se
262 1493 490 1540 secuturos
524 1504 660 1539 ratus.
706 1495 799 1540 Jam
836 1511 981 1558 prope
1020 1497 1067 1544 in
1105 1498 1349 1562 conspectu

59 1579 186 1614 erant
220 1565 444 1612 exercitus
462 1600 476 1622 ,
504 1578 908 1630 convenerantque
928 1569 1063 1616 duces
1080 1605 1094 1628 ‚
1124 1570 1251 1618 ficuti
1278 1572 1348 1619 in-

59 1653 128 1690 ter
159 1640 201 1687 se
229 1641 434 1687 nondum
460 1639 558 1686 satis
591 1640 717 1698 noti,
749 1640 808 1687 ita
826 1640 913 1704 jam
935 1642 1132 1692 imbutus
1161 1657 1349 1710 uterque.

61 1713 253 1775 quadam
285 1712 580 1760 admiratione
614 1712 808 1760 alterius.
852 1716 968 1761 Nam
1003 1717 1266 1765 Hannibalis
1298 1721 1350 1768 &

62 1787 180 1849 apud
200 1787 433 1834 Romanos
450 1822 463 1845 ‚
497 1785 586 1848 jam
617 1800 718 1833 ante
739 1788 921 1851 Sagunti
949 1790 1174 1838 excidium
1191 1828 1204 1850 ,
1235 1793 1350 1840 cele·

62 1861 307 1908 berrimum
331 1878 499 1908 nomen
526 1875 643 1909 erat:
679 1864 728 1921 &
752 1863 1010 1926 Scipionem
1038 1866 1266 1920 Hannibal
1292 1885 1349 1915 eo

63 1935 161 1998 ipso
181 1970 195 1993 ‚
223 1935 351 1998 quod
379 1935 590 1983 adversus
621 1936 663 1982 se
691 1937 782 1983 dux
814 1937 1087 2000 potissimum
1115 1939 1250 1987 Iccius
1285 1941 1349 1987 es·

65 2009 155 2068 set,
180 2008 459 2072 praestantem
480 2010 629 2056 virum
658 2010 877 2057 credebat.
909 2012 958 2057 δέ
987 2026 1204 2058 auxerant
1232 2013 1350 2061 inter

65 2081 107 2128 se
139 2079 406 2144 opinionem
426 2115 439 2138 ,
471 2081 626 2143 Scipio
646 2118 663 2139 ‚
691 2082 815 2146 quod
834 2118 848 2140 ,
884 2083 1060 2130 relictus
1091 2085 1136 2130 in
1167 2086 1314 2134 Gallia
1332 2124 1350 2147 ‚

63 2153 231 2200 obvius
253 2151 396 2199 fuerat
409 2152 455 2199 in
476 2153 644 2199 Italiam
662 2153 926 2217 transgresso
945 2156 1210 2214 Hannibali3
1227 2161 1353 2207 Han-

66 2226 222 2286 nibal,
259 2228 308 2274 &
346 2239 510 2274 conatu
548 2239 636 2274 tam
676 2229 832 2275 audaci
869 2229 1227 2291 trajiciendarum
1267 2234 1351 2281 Al-

66 2299 189 2362 pium
206 2335 222 2357 ,
250 2300 298 2347 &
325 2299 495 2348 effedlu.
528 2301 792 2363 Occupavit
818 2317 966 2349 tamen
991 2304 1145 2366 Scipio
1177 2308 1349 2355 Padum

65 2367 271 2429 trajicere
292 2404 306 2428 ,
340 2371 420 2430 &,
460 2371 515 2417 ad
547 2371 759 2419 Ticinum
795 2391 970 2421 amnem
1007 2377 1143 2424 motis
1172 2379 1351 2436 castris,

66 2441 220 2504 prius,
255 2459 388 2504 quam
424 2444 635 2493 educeret
667 2446 713 2492 in
749 2446 921 2505 aciem,
963 2450 1346 2499 adhortandorum

68 2513 261 2560 militum
283 2515 406 2561 causa
421 2551 434 2574 ,
458 2517 588 2566 talem
619 2519 874 2568 orationem
895 2522 1078 2568 exorsus
1101 2524 1184 2570 est:

133 2590 181 2635 T.
202 2592 279 2636 Lii‘
316 2595 408 2639 Vol.
432 2591 513 2636 [ΙῙ.
1006 2596 1036 2639 Β
1066 2595 1092 2640 b
