1701 3008
311 167 914 217 HISTORIARUM
953 166 1088 214 LIB.
1141 165 1206 213 X.
1360 168 1417 215 61

121 280 352 330 Carvilius
370 316 384 338 ‚
415 278 488 327 cui
515 289 693 326 veteres
729 275 959 339 legiones,
989 291 1099 339 quas
1135 276 1201 322 M.
1232 274 1426 335 Atilius,

125 354 371 420 superioris
405 353 513 400 anni
551 349 739 408 consul,
770 350 818 395 in
849 366 960 412 agro
996 349 1286 398 Interamnati
1319 351 1427 397 reli-

126 441 315 491 querat,
347 428 537 475 decretae
567 438 722 483 erant‚
745 440 851 470 cum
876 423 939 469 eis
972 422 1020 468 in
1055 423 1286 470 Samnium
1314 440 1428 488 pro-

128 504 272 551 fectus
291 540 304 560 ‚
326 504 435 549 dum
472 499 621 547 hostes
637 533 651 556 ,
673 496 849 560 operati
870 495 1261 560 superstitionibus
1275 533 1289 556 ‚
1311 514 1430 546 con-

129 577 232 625 cilia
265 576 432 623 secreta
455 583 621 637 agunt,
645 569 932 617 Amiternum
968 569 1190 632 oppidum
1226 571 1279 616 de
1304 571 1430 617 Sam-

130 651 301 698 nitibus
327 650 374 695 vi
395 647 529 710 cepit.
560 644 682 692 Caesa
707 644 770 690 ibi
790 643 930 690 millia
954 643 1192 689 hominum
1216 644 1306 691 duo
1337 644 1430 691 fer-

130 740 203 771 me
232 734 366 783 atque
397 719 647 780 octingenti
670 734 680 763 :
710 727 841 777 capta
864 726 1063 778 quatuor
1085 713 1226 760 millia
1247 713 1431 759 ducenti

132 793 428 858 septuaginta.
461 791 662 853 Papirius
683 804 815 836 novo
844 787 1050 835 exercitu
1072 786 1093 850 (
1114 787 1174 833 ita
1200 786 1432 833 decretum

131 863 260 931 erat)
289 865 490 928 scripto,
521 862 785 910 Duroniam
816 861 975 907 urbem
1007 861 1303 922 expugnavit.
1343 857 1432 903 mi-

132 958 216 989 nus
234 977 248 999 ‚
268 957 405 1000 quam
436 937 612 1001 collega
627 972 640 995 ‚
668 935 788 998 cepit
809 934 1073 991 hominum,
1096 931 1197 995 plus
1226 931 1433 994 aliquan-

133 1025 186 1060 to
221 1009 406 1058 occidit.
458 1010 608 1070 praeda
649 1008 865 1066 opulenta
904 1006 1150 1070 utrobique
1188 1004 1250 1051 est
1293 1018 1434 1067 parta.

135 1086 243 1133 Inde
277 1081 512 1147 pervagati
543 1078 775 1126 Samnium
806 1077 1042 1135 consules,
1070 1077 1266 1124 maxime
1289 1078 1436 1140 depo-

135 1158 292 1221 pulato
321 1156 505 1203 Atinate
536 1168 646 1217 agro
661 1188 676 1208 ‚
699 1150 927 1199 Carvilius
949 1150 1005 1196 ad
1032 1150 1300 1196 Cominium
1317 1187 1330 1208 ,
1351 1153 1438 1198 Pa-

135 1231 277 1295 pirius
313 1230 370 1277 ad
400 1227 696 1293 Aquiloniam
729 1225 845 1291 (ubi
874 1224 1042 1271 summa
1074 1224 1138 1270 rei
1167 1224 1439 1273 Samnitium

137 1304 264 1370 erat)
285 1303 510 1369 pervenit.
545 1301 608 1348 ibi
635 1301 912 1365 aliquamdiu
942 1317 1026 1348 nec
1052 1299 1261 1347 ceffatum
1282 1300 1337 1346 ab
1363 1318 1438 1348 ar-

138 1379 223 1427 mis
245 1378 307 1424 est
323 1414 336 1434 ‚
360 1393 506 1440 neque
526 1375 704 1424 naviter
723 1386 969 1438 pugnatum
991 1391 1001 1420 :
1035 1372 1286 1420 laceffendo
1314 1373 1438 1436 quie-

138 1464 213 1499 tos
233 1483 248 1507 ,
282 1449 584 1497 refistentibus
619 1449 854 1505 cedendo,
888 1444 1306 1509 comminandoque
1343 1462 1441 1491 ma-

139 1525 236 1589 gis,
268 1541 404 1589 quam
444 1522 684 1570 inferendo
719 1538 919 1586 pugnam
938 1557 952 1578 ,
989 1519 1082 1566 dies
1112 1520 1440 1567 absumebatur.

133 1600 269 1665 quod
302 1616 406 1647 cum
439 1597 713 1661 inciperetur
730 1633 746 1656 ‚
772 1597 1167 1658 remittereturque
1184 1631 1198 1652 ‚
1230 1595 1441 1642 omnium

141 1691 295 1722 rerum
314 1673 446 1720 etiam
467 1688 710 1736 parvarum
728 1683 922 1718 eventus
939 1668 1251 1732 proferebatur
1268 1667 1314 1713 in
1333 1667 1442 1715 dies-

143 1748 295 1795 Altera
327 1747 536 1793 Romana
567 1744 706 1793 castra
734 1743 901 1808 viginti
934 1741 1123 1788 millium
1157 1740 1301 1803 spatio
1332 1740 1442 1787 abe-

143 1834 244 1869 rant
263 1840 273 1868 :
298 1823 347 1869 &
367 1819 558 1867 absentis
587 1818 774 1882 collegae
797 1816 983 1865 confilia
1005 1814 1218 1861 omnibus
1239 1813 1444 1877 gerendis

146 1895 394 1941 intererant
414 1894 546 1940 rebus
565 1911 575 1938 ε
596 1892 906 1954 intentiorque
923 1888 1173 1944 Carvilius,
1192 1903 1287 1950 quo
1308 1885 1444 1947 majo-

147 1984 194 2015 re
217 1965 470 2013 discrimine
491 1982 560 2013 res
579 1965 841 2013 vertebatur
856 2000 869 2020 ‚
889 1963 935 2008 in
958 1959 1254 2024 Aquiloniam
1271 1996 1285 2017 ‚
1306 1975 1445 2022 quam

146 2041 203 2087 ad
231 2038 527 2096 Cominium,
551 2037 679 2101 quod
704 2034 964 2091 obsidebat,
994 2045 1100 2078 erat.
1134 2032 1182 2076 L.
1212 2021 1445 2091 Papirius,

147 2113 234 2176 jam
258 2129 338 2176 per
371 2110 526 2158 omnia
555 2111 610 2156 ad
640 2108 946 2155 dimicandum
974 2105 1073 2151 satis
1100 2114 1306 2166 paratus,
1326 2118 1446 2146 nun-

150 2183 263 2231 tium
296 2184 351 2230 ad
382 2183 604 2247 collegam
635 2181 774 2228 mittit
796 2199 805 2227 :
832 2181 915 2246 sihi
935 2183 980 2226 in
1004 2182 1148 2224 animo
1173 2174 1268 2240 effi,
1287 2175 1447 2240 postero

150 2262 217 2306 die
233 2259 303 2324 ,si
321 2278 396 2320 per
420 2259 610 2319 auspicia
637 2259 797 2313 liceret,
822 2255 1035 2320 confligere
1062 2270 1153 2297 cum
1176 2253 1228 2295 lzo
1263 2268 1293 2294 e.
1325 2253 1446 2308 Opus

152 2329 223 2393 effi
241 2367 253 2388 ,
276 2328 319 2376 δ’
353 2332 474 2375 illum
493 2365 508 2386 ,
539 2345 697 2390 quanta
730 2330 923 2373 maxima
960 2328 1002 2370 νὶ
1028 2321 1185 2387 poffi’t,
1208 2324 1446 2368 Cominium.

153 2419 388 2463 oppugnare
404 2436 416 2455 ‚
435 2420 484 2446 ne
503 2401 607 2462 quid
636 2401 873 2445 laxamenti
891 2397 955 2462 stt
975 2397 1241 2441 Samnitibus
1268 2395 1327 2436 ad
1342 2392 1443 2450 Jizb-

141 2476 263 2540 fidia
283 2475 563 2535 Aquiloniam
585 2475 804 2523 mittenda.
832 2471 971 2519 Die-m
993 2468 1047 2516 ad
1070 2464 1445 2532 proficiscendum
