1701 3008
288 238 380 287 252
447 224 542 270 JO.
588 219 1090 270 FREINSHEMII
1137 223 1500 273 SUPPLEM.

285 329 350 379 qui
373 328 436 366 hic
453 342 605 378 quoque
627 329 774 367 circiter
800 329 922 368 millia
946 329 1114 369 militum
1133 343 1272 387 novem
1301 323 1559 381 perdiderunt.

339 388 526 429 XXXVI.
560 389 669 439 Capti
690 388 773 427 sunt
794 390 890 429 inter
910 390 979 429 hos
996 390 1141 441 aliquot
1162 393 1230 431 viri
1254 392 1422 442 nobiles,
1445 393 1563 432 serva-

286 451 389 507 tique
414 464 435 490 a
461 450 701 500 consulibus,
718 461 760 490 ut
783 466 852 503 per
879 452 948 491 hos
974 453 1028 492 M.
1053 453 1240 504 Regulus,
1261 457 1295 494 ἃ
1317 455 1379 505 qui
1406 468 1492 494 cum
1516 466 1563 494 eo

286 511 447 551 ssmilem
473 512 597 551 casum
630 512 844 560 subierant,
870 514 1155 554 redimerentur.
1189 515 1445 555 Deliberatum
1474 517 1566 554 inde

283 573 337 611 est
361 574 409 612 de
429 574 674 624 praesentibus
696 588 703 614 :
737 588 949 625 magnaque
975 575 1057 626 spe‘s
1083 576 1206 615 fuerat
1227 577 1387 616 Africam
1413 575 1563 614 retineri

282 635 402 686 posse.
422 645 687 676 verumtamen
709 637 864 687 regione
887 638 1186 687 quaquaversum
1210 639 1373 685 vastata,
1399 651 1486 677 cum
1508 639 1562 677 fa-

281 711 365 737 mes
394 700 614 748 timeretur,
640 699 780 739 abduci
804 700 1001 739 Romanos
1021 730 1032 748 ‚
1058 702 1123 750 qui
1146 700 1329 750 Clupeam
1354 701 1462 740 tutati
1482 701 1562 738 fue-

277 768 364 798 tant
379 791 390 809 ‚
409 761 659 811 Siciliamque
675 762 796 811 repeti
815 760 972 812 placuit.
998 767 1137 807 Avec'ta
1154 763 1204 800 est
1223 775 1295 801 una
1319 763 1450 812 ingens
1468 776 1563 812 prte-

280 821 355 870 da,
375 835 488 873 quam
507 823 545 861 in
575 823 708 863 urbem
729 823 914 875 Clupeam
947 824 1004 864 M.
1029 822 1163 874 Reguli
1188 824 1300 863 rebus
1325 822 1453 862 adhuc
1474 837 1560 874 pru-

278 883 395 933 speris
425 892 704 935 comportatam
734 886 901 925 victoriae
933 896 1104 925 recentes
1138 885 1434 925 cumulaverant.
1476 884 1560 926 Per-

276 956 438 986 ventum
468 956 547 987 erat
575 949 613 986 in
639 947 809 988 Siciliam
840 956 922 987 tuta
950 949 1215 998 navigatione,
1242 948 1482 998 nimiumque
1504 947 1559 986 fe-

275 1006 368 1047 lices
402 1009 554 1049 fuissent
589 1010 787 1061 consules,
825 1011 847 1050 s1
883 1010 1058 1050 felicitati
1095 1009 1169 1050 suae
1203 1011 1363 1050 modurn
1400 1010 1559 1050 statuere

277 1069 503 1112 didicissent.

330 1133 539 1172 XXXVII.
566 1135 641 1175 Sed
668 1136 778 1185 quia,
796 1135 888 1174 dum
910 1136 949 1174 in
975 1135 1124 1175 Italiam
1151 1135 1403 1184 revehuntur,
1422 1137 1556 1176 eadem

276 1206 395 1243 opera
430 1194 609 1245 quasdam
643 1196 756 1235 urbes
784 1196 919 1237 Sieiliae
947 1199 1152 1237 maritimas
1178 1199 1295 1250 recipi
1320 1200 1421 1249 posse
1450 1211 1558 1251 puta.

275 1255 371 1295 bant
392 1287 402 1306 ‚
436 1258 693 1309 nequidquam
726 1257 1181 1300 obtestantibus'navium
1214 1262 1555 1313 gubernatoribus,

274 1334 318 1358 ne
341 1320 426 1360 inter
451 1321 600 1361 Orionis
626 1323 660 1362 ὃ)
689 1323 796 1362 Canis
819 1336 1000 1372 exortum,
1027 1338 1099 1376 quae
1119 1323 1327 1377 inftstssffima
1356 1326 1555 1378 naviganti-

270 1382 337 1419 bus
358 1384 447 1435 sunt
469 1385 609 1434 fidem,
636 1385 811 1437 obversum
835 1384 968 1440 Asticae
993 1386 1102 1433 litus,
1130 1387 1279 1425 intutum
1305 1389 1339 1427 6³
1365 1389 1551 1440 importuo-

264 1442 347 1494 fizm
378 1447 730 1494 praeterveherentur,
765 1454 912 1485 tantam
949 1449 1172 1497 tempestate
1211 1449 1359 1488 cladem
1394 1450 1554 1500 perpeffi

268 1501 385 1550 sunt,
415 1513 456 1542 ut
483 1505 546 1543 vix
570 1505 673 1544 aliud
698 1506 736 1545 in
768 1506 844 1546 hoc
871 1521 1007 1558 genere
1032 1511 1227 1559 proditum
1262 1511 1304 1549 fit
1329 1511 1553 1561 exemplum

268 1564 461 1606 illustrius.
498 1568 663 1618 denique
692 1569 739 1608 de
765 1570 924 1609 navibus
949 1575 1126 1622 trecentis
1154 1574 1344 1625 sexaginta
1369 1584 1554 1624 quatuor,

268 1627 335 1667 vix
372 1630 599 1679 octoginta,
628 1644 786 1671 onerum
823 1635 969 1681 janui-a
997 1633 1124 1681 facta,
1160 1635 1295 1674 servari
1329 1644 1547 1686 potuerunt.

268 1685 526 1740 hippaginum
547 1704 716 1742 quoque,
734 1703 1024 1746 ceterorumque
1045 1696 1153 1734 variae
1169 1696 1299 1735 formae
1314 1697 1551 1747 navigiorum

269 1762 452 1790 numerus
481 1751 586 1792 haud
616 1754 741 1792 minor
765 1756 901 1805 periit:
933 1764 976 1795 ut
1004 1757 1054 1796 ita
1078 1758 1323 1797 cadaveribus
1346 1755 1550 1798 hominum

269 1810 572 1862 animaliumque
587 1844 598 1862 ‚
619 1815 653 1852 ἃ
677 1813 805 1854 fractis
832 1816 985 1854 navium
1013 1816 1173 1865 tabulis,
1189 1830 1208 1856 a
1227 1819 1550 1860 Camarinensium

265 1883 354 1919 ora,
386 1871 451 1911 ubi
475 1873 587 1923 pestis
611 1873 675 1912 illa
705 1875 857 1914 claffem
888 1876 1097 1923 invaserat,
1123 1878 1340 1930 Pachynum
1367 1880 1482 1930 usque
1506 1881 1549 1920 li-

267 1938 329 1970 tus
360 1946 474 1971 omne
499 1934 767 1984 compleretur.
807 1937 903 1976 Tam
932 1938 1025 1977 dura
1052 1939 1093 1977 in
1121 1938 1218 1978 sorte
1242 1953 1320 1979 non
1348 1940 1432 1979 leve
1454 1941 1548 1982 sola-

266 1994 367 2032 tium
394 1995 540 2035 afflictis
558 1995 775 2037 humanitas
793 1998 971 2039 Hieronis
996 2001 1092 2050 regis
1119 2001 1270 2044 attulit:
1295 2003 1358 2052 qui
1386 2002 1548 2054 benigne

266 2063 450 2104 exceptos
467 2086 477 2102 ,
497 2056 658 2096 vestibus
673 2088 683 2105 ‚
710 2058 798 2098 cibo
814 2090 824 2107 ,
850 2060 1078 2110 naviumque
1104 2063 1346 2103 armamentis
1365 2064 1547 2113 adjuvan-

265 2116 338 2163 d0‚
364 2117 572 2157 Messanam
599 2119 714 2169 usque
742 2120 901 2160 deduxit
927 2122 1156 2163 incolumes.
1193 2126 1200 2134 '

255 2230 259 2234 ‚
322 2178 549 2220 XXXVIII.
581 2181 655 2220 Sed
688 2182 1016 2235 Carthaginienses
1051 2184 1125 2224 hoc
1159 2185 1321 2224 fortunae
1357 2185 1548 2226 beneficio>

252 2234 345 2278 ‘non
372 2239 533 2289 segniter
555 2241 631 2290 ufi,
658 2242 852 2282 cossuram
878 2244 1037 2283 infulam
1064 2245 1272 2295 urbemque
1295 2257 1540 2296 receperunt:

267 2302 305 2339 ἃ
335 2299 411 2338 {ine
442 2314 547 2341 mora
575 2304 613 2340 in
643 2304 810 2345 Siciliam
838 2309 1141 2355 transjicientes‚
1168 2309 1412 2357 Agrigentum
1445 2312 1543 2349 (luce

264 2359 493 2401 Carthalone
530 2363 840 2416 cimumseffum,
871 2370 959 2418 quia
990 2382 1067 2408 non
1099 2368 1417 2419 subveniebatur,
1441 2371 1542 2410 exci-

310 2483 330 2518 Ε
346 2484 484 2518 XXXV.
509 2485 614 2519 strab.
635 2488 655 2519 l.
676 2497 726 2527 17.
746 2487 942 2531 Eutropius.
958 2488 1058 2522 Oros.
1073 2489 1190 2533 Polyb.
1206 2490 1329 2524 Zonar.
1345 2493 1366 2535 §
1382 2491 1538 2527 XXXVI.

260 2526 377 2571 Polyb.
403 2541 415 2563 1
434 2555 443 2571 ,
461 2529 514 2575 36.
541 2531 680 2576 Eutrop.
705 2533 728 2576 §
756 2532 929 2569 XXXVII.
947 2533 1086 2578 Eutrop.
1113 2535 1215 2570 Diod.
1239 2536 1353 2581 Polyb.
