1701 3008
276 125 380 188 ,328
447 126 546 173 πο.
584 123 1478 181 FRE1NSHEM118UPPLEM;

287 233 342 272 ibi
356 232 410 274 est
431 231 585 282 equestri
612 229 750 281 proelio
777 231 963 270 acerrimo
980 261 991 280 ‚
1008 232 1048 271 in
1062 245 1139 284 quo
1163 236 1198 276 Sc
1223 235 1266 276 C.
1285 236 1421 277 Ati-lius
1439 239 1576 280 consu}

292 295 437 334 occisus
467 294 539 341 est,
560 293 716 343 ejusque
739 289 856 344 caput
880 294 930 334 ad.
963 307 1069 346 reges
1096 290 1295 338 Gallorum
1320 299 1493 341 relatum.
1520 303 1571 342 ad

288 365 500 395 extremum
524 364 654 394 tamen
679 355 825 394 Conssisl
848 356 937 395 totis
957 356 1100 397 viribus
1123 359 1313 408 Romani,
1332 360 1423 400 loco
1445 370 1574 402 reten-

288 428 328 457 ro
343 450 354 469 ,
374 418 520 456 hostem
539 415 722 468 repulere.
751 416 914 457 Decreta
939 417 1044 457 hunc
1066 419 1115 459 ad
1135 421 1296 462 modum
1321 423 1483 473 equestri
1499 438 1574 475 pu-

288 494 360 531 gna
373 510 387 525 ‚
407 480 554 529 pedites
575 491 814 520 concurrere.
840 480 898 521 Ibi
912 493 1000 520 vero
1017 480 1376 525 certamenvidiffes
1397 498 1484 525 cum
1501 499 1571 526 nu-

287 556 393 582 mero
415 551 528 591 atque
553 541 690 581 robore
707 543 898 591 virorum,
915 552 998 583 tum
1028 545 1108 596 ipsa
1130 546 1377 597 dispositione
1402 545 1571 590 acie'rum

286 602 477 642 terribile:
501 615 590 641 cum
618 603 715 642 inter
741 605 837 643 duos
863 604 1061 645 Romanos
1085 610 1274 649 exercitus
1298 609 1496 651 Gallorum
1516 611 1574 649 in-

286 674 457 715 tercepta
486 666 700 706 multitudo
719 699 731 716 ‚
752 667 862 706 fimul
889 668 928 707 in
954 668 1134 720 utrosque
1165 671 1323 712 obversa
1345 673 1570 720 dimicaret,

287 728 469 780 ambiguo
505 722 678 779 judicio,
708 729 842 780 plusne
871 731 1060 781 prodesset
1092 733 1147 773 eis
1173 734 1239 773 ista
1263 734 1390 785 proelii
1414 736 1566 784 forma,

290 793 395 841 quod
427 804 516 830 cum
542 791 668 830 divisis
699 791 866 832 hostium
891 794 1012 844 copiis
1036 804 1274 846 pugnantes7
1299 806 1404 847 terga
1426 796 1497 837 fibi-
1516 797 1573 836 in-

287 856 411 893 vicem
433 864 515 894 tuta
545 855 766 905 praestabant
782 887 792 904 ,
821 858 937 895 etiam
966 858 1097 897 amissa
1123 858 1188 910 spe
1216 860 1315 910 fugae
1340 861 1387 900 ad
1412 860 1573 900 fortitu-

291 916 421 954 dinem
450 915 654 964 stimulati3
681 929 729 954 an
753 930 842 955 vero
866 925 1042 965 noceret,
1060 920 1165 968 quod
1190 921 1289 960 inter
1311 922 1406 961 duos
1429 921 1574 961 consu-

288 977 384 1016 lares
408 978 594 1017 exercitus
611 977 777 1017 conclufi
797 978 1033 1026 tenebantur.
1072 980 1250 1021 Ceterum
1267 982 1463 1023 Romanos
1480 996 1572 1034 par-

289 1040 359 1078 tim
390 1039 562 1090 aspectus
588 1039 756 1079 virorum
787 1041 977 1091 terrebat,
1012 1044 1075 1093 qui
1106 1043 1247 1084 eximia
1275 1044 1399 1096 specie
1427 1048 1463 1085 Sc
1493 1058 1572 1085 ma-

287 1102 487 1151 gnitudine
517 1115 746 1153 corporum,
775 1104 905 1153 primis
933 1104 973 1143 in
997 1105 1194 1145 ordinibus
1219 1105 1396 1155 stabant3
1432 1108 1570 1157 partim

287 1165 337 1202 ad
360 1166 609 1215 pugnandum
630 1165 837 1214 incitabat,
862 1180 942 1206 non
964 1167 1081 1206 modo
1105 1166 1242 1217 laudis,
1265 1167 1329 1206 sed
1351 1168 1464 1206 etiam
1486 1168 1572 1219 spo-

287 1225 427 1265 liorum
460 1227 654 1276 dulced03
689 1229 793 1278 quod
822 1230 920 1268 inter
955 1228 1152 1268 Gallorum
1189 1230 1452 1281 antelignanos
1488 1237 1569 1268 erat

287 1302 426 1337 nemo,
453 1290 543 1340 quin
572 1291 730 1329 manicis
751 1290 983 1341 armillisque
1006 1292 1126 1331 aureis
1151 1292 1327 1343 fulgeret.

332 1351 453 1390 XLII.
477 1351 658 1390 conserto
677 1353 789 1402 igitur
808 1352 969 1403 proelio,
986 1353 1137 1393 immissi
1155 1355 1324 1405 primum
1339 1353 1470 1393 velites
1491 1367 1572 1393 ma-

287 1413 433 1452 ximam
455 1413 617 1452 hostium
639 1416 793 1453 edidere
821 1416 965 1454 caedem
980 1446 990 1463 ,
1009 1415 1214 1466 praesertim
1240 1416 1304 1456 ubi
1324 1415 1475 1456 Gaesatae
1501 1429 1571 1467 pu-
1603 1449 1606 1452 .

289 1474 480 1523 girabant,
502 1475 564 1523 qui
593 1488 659 1525 per
684 1476 930 1516 ferociam&
960 1476 1158 1516 barbaram
1183 1476 1478 1516 ostentationem
1504 1477 1570 1515 ab-

289 1538 397 1585 jectis
425 1538 613 1582 vestibus,
640 1540 735 1578 midi
766 1549 853 1579 ante
886 1542 1009 1590 prima
1039 1542 1140 1592 figna
1171 1541 1425 1581 constiterant.
1471 1540 1571 1580 Cum

288 1599 391 1636 enim
419 1598 565 1637 scurum
592 1600 783 1640 Gallicum
808 1602 1044 1655 praelongum
1072 1605 1107 1644 ἃ
1127 1603 1352 1654 angustum,
1379 1615 1456 1641 non
1480 1600 1573 1652 pos-

286 1661 331 1701 fit
360 1674 498 1711 corpus
525 1663 732 1711 obtegere,
758 1673 940 1715 tanquam
968 1666 1136 1717 exposita
1160 1665 1434 1715 jaculatoribus
1462 1665 1566 1715 figna

285 1727 396 1765 certis
426 1726 564 1766 idibus
585 1728 835 1777 petebantur3
864 1729 1129 1780 cadebentque
1153 1729 1290 1777 inulti,
1315 1729 1420 1779 quod
1443 1740 1569 1778 neque

286 1788 398 1828 ferire
426 1788 570 1828 hostem
603 1792 752 1830 eminus
778 1800 977 1841 poterant,
1000 1804 1123 1842 neque
1148 1791 1318 1843 conserta
1351 1803 1465 1829 manu
1490 1802 1568 1839 pu-

288 1852 392 1899 gnari
420 1850 548 1891 secum
574 1851 665 1891 levis
692 1864 880 1893 armatura
917 1855 1143 1904 patiebatur,
1185 1856 1272 1905 Qua
1306 1854 1572 1904 desperatione

285 1926 370 1962 pars
395 1921 538 1952 temere
559 1915 597 1952 in
621 1913 766 1955 hostem
797 1925 971 1964 ruentes,
990 1917 1205 1967 priusquam
1233 1918 1282 1956 ad
1309 1929 1443 1956 manus
1466 1917 1570 1956 veni-

285 1981 394 2020 rent,
413 1974 611 2014 miffilibus
628 1976 788 2016 confossi
803 1977 1062 2018 sternebantur
1081 1991 1089 2018 :
1113 1978 1225 2017 ceteri
1247 1977 1378 2017 sensim
1404 1978 1570 2017 referen-

286 2041 345 2071 tes
371 2035 548 2084 gradum,
575 2035 727 2077 suorum
754 2038 1025 2087 perturbabant
1050 2040 1212 2078 ordines.
1255 2039 1310 2079 Ita
1334 2039 1567 2080 Gaesatarum

287 2095 369 2133 acie
393 2109 458 2145 per
480 2097 612 2136 velites·
628 2099 785 2147 disjecfta
799 2131 810 2145 ,
832 2101 952 2150 gravis
976 2099 1303 2141 armaturaemiles
1324 2100 1438 2148 Bojos
1454 2099 1567 2139 Insu-

290 2156 449 2207 bresque
465 2171 509 2197 ac
524 2160 723 2200 Tauriscos
741 2163 1161 2213 undiquaque-adortus
1173 2193 1184 2211 ‚
1201 2162 1342 2201 multos
1363 2163 1566 2202 interfecit.

342 2218 481 2258 XLlllu
517 2221 675 2260 Stabant
708 2232 838 2262 tamen
863 2225 1070 2265 obfirmatis
1095 2225 1229 2265 animis
1245 2256 1255 2272 ‚
1279 2238 1403 2275 neque
1423 2224 1500 2264 ulla
1525 2237 1569 2264 re

285 2277 507 2326 inferiores,
536 2282 600 2320 nisi
626 2285 731 2332 quod
760 2298 952 2325 armorum
981 2299 1117 2336 genere
1141 2286 1417 2334 vincebantur,
1439 2298 1562 2334 neque

287 2340 336 2378 ad
362 2341 615 2380 muniendum
633 2354 771 2393 corpus
787 2354 874 2395 apte
890 2347 1080 2395 instructi,
1103 2359 1226 2399 neque
1248 2348 1296 2388 ad
1312 2347 1458 2387 hostem
1478 2359 1564 2398 pen

330 2454 353 2497 5
383 2454 467 2488 xm.
492 2455 595 2490 Diod.
624 2458 647 2490 1.
676 2467 731 2502 23.
763 2457 862 2491 Oros.
884 2468 1003 2502 4.13=
