1701 3008
257 145 857 234 HISTORIARUM
897 182 1034 229 LIB.
1081 181 1142 228 X.
1321 194 1382 243 37

90 299 272 346 Decium
294 297 497 359 gloriari:
528 292 570 340 δ’
579 293 764 358 forsitan
780 326 792 346 ‚
817 310 932 352 quem
950 293 1019 336 ille
1035 293 1222 336 obrtaum
1246 292 1382 352 ignem

93 372 298 430 reliquerit
315 404 328 426 ,
347 372 409 414 ita
433 384 478 413 ut
505 367 624 412 toties
646 383 800 411 novum
822 383 875 409 ex
900 364 1127 424 improviso
1147 365 1385 410 incendium

91 447 211 491 daret
227 478 242 502 ,
275 463 365 490 eum
392 443 441 503 se
470 439 775 506 exstinc‘lurum.
815 440 1021 503 Postremo
1038 439 1088 498 se
1113 443 1270 500 collegae
1303 442 1386 485 lzo·

89 536 211 565 nores
222 521 470 578 praemiaque
486 510 757 578 conceffurum
776 514 1018 558 verecundia
1037 516 1170 559 atatis
1187 513 1276 570 ejus
1294 532 1385 558 ma-

80 592 325 658 jestatisque
341 609 361 645 ,·
393 608 483 636 cum
507 589 768 648 periculum,
802 605 894 632 cum
926 589 1141 631 dimicatio
1169 587 1386 652 prfposita

86 665 173 730 sit,
201 681 324 724 neque
355 665 486 709 cedere
509 661 597 721 fica
627 660 778 720 sponte
797 696 809 714 ,
840 677 965 719 neque
999 656 1206 721 cffcrum.
1243 658 1313 716 δ’,
1337 658 1390 723 si

88 739 211 784 mihil
236 738 359 782 aliud
390 754 442 780 ex
474 752 519 780 eo
546 734 763 779 certamine
795 735 964 787 tulerit,
1001 734 1113 776 illud
1140 747 1236 776 certe
1269 735 1386 776 latu·-

94 828 185 856 rum
200 839 214 863 ‚
234 824 306 866 ut,
326 811 439 870 quod
454 809 603 868 populi
610 806 696 870 sit,
718 809 907 866 populus
919 805 1066 860 jubeat
1073 807 1216 864 potius
1229 840 1242 860 ‚
1262 820 1385 864 quam

90 896 232 942 patres
261 880 555 942 gratificentur.
590 878 735 924 Jovem
772 879 971 937 optimum
992 879 1225 921 maximum
1244 877 1390 935 Deos-

95 973 174 1016 que
199 957 453 1000 immortales
466 952 516 1012 se
539 953 706 1013 precari
728 986 742 1008 ,
777 966 825 996 ut
855 952 917 996 ita
939 952 1095 1011 sortem
1129 968 1286 1011 aequam
1301 951 1391 1015 fibi

98 1044 190 1072 cum
226 1028 381 1086 collega
416 1027 515 1070 dent
531 1059 546 1089 7
570 1025 620 1089 si
649 1027 819 1070 eandem
851 1027 1040 1070 virtutem
1065 1021 1388 1082 felicitatemque

98 1100 147 1144 irz
177 1100 281 1144 bello
308 1097 638 1162 administrando
671 1099 813 1143 daturi
830 1097 937 1161 sint.
967 1112 1063 1142 certe
1094 1099 1142 1141 id
1170 1092 1212 1141 G*
1238 1110 1392 1140 natura

99 1190 258 1234 aequum
278 1207 292 1229 ‚
325 1169 367 1218 δ’
398 1175 583 1232 exemplo
613 1174 713 1217 utile
751 1168 852 1234 effe,
883 1167 925 1215 G*
959 1173 1020 1215 ad
1043 1169 1215 1229 famam
1239 1169 1394 1229 populi

101 1247 293 1292 Romani
314 1246 538 1306 pertinere,
564 1264 632 1291 eos
655 1248 842 1306 consules
874 1243 948 1308 effe
965 1280 978 1300 ,
1007 1262 1177 1306 quorum
1202 1244 1395 1288 utrolibet

102 1323 205 1366 duce
231 1322 379 1365 bellum
401 1319 625 1380 Etruscum
658 1322 743 1382 geri
765 1317 864 1364 'refle
882 1317 1022 1380 poffit.
1057 1316 1214 1364 Fabius
1232 1350 1247 1371 ‚
1281 1313 1395 1360 nihil

103 1392 227 1442 aliud
245 1406 451 1457 precatus
478 1393 698 1456 populum
720 1429 734 1450 ‚
760 1409 894 1456 quam
919 1404 969 1438 ut
991 1391 1112 1455 prius
1127 1426 1142 1449 ‚
1169 1407 1303 1455 quam
1321 1389 1395 1437 in-

104 1479 181 1514 tro
212 1478 491 1523 vocarentur
520 1467 574 1513 ad
605 1466 855 1530 suffragium
893 1465 1033 1512 tribus
1052 1501 1066 1524 ‚
1097 1467 1180 1527 Ap.
1214 1462 1394 1511 Claudii

106 1539 318 1604 praetoris
342 1539 492 1586 allatas
509 1556 566 1586 ex
583 1540 761 1587 Etruria
781 1539 927 1586 literas
946 1538 1150 1586 audirent
1166 1572 1179 1595 ‚
1202 1535 1395 1584 comitio

107 1614 214 1662 abit.
241 1631 325 1662 nec
350 1614 530 1662 minore
563 1612 724 1676 populi
757 1612 1006 1670 consensu,
1029 1629 1164 1676 quam
1195 1610 1396 1668 senatus,

107 1686 354 1752 provincia
371 1687 551 1735 Etruria
577 1699 703 1733 extra
732 1684 898 1733 sortem
919 1684 1057 1732 fabio
1088 1684 1262 1730 decreta
1287 1682 1364 1730 est.
1383 1716 1398 1720 -

122 1790 124 1792 -
172 1761 326 1807 XXV.
359 1758 623 1806 Concursus
654 1758 757 1805 inde
785 1760 840 1806 ad
868 1753 1102 1806 consulem*
1130 1756 1267 1802 sachis
1298 1771 1403 1802 om-

107 1832 236 1880 nium
267 1831 407 1880 ferme
433 1831 703 1894 juniorum:
735 1832 785 1879 &
815 1848 899 1895 pro
928 1830 968 1876 se
998 1828 1186 1893 quisque
1211 1827 1400 1874 nomina

110 1904 291 1951 dabant.
329 1916 452 1952 tanta
473 1904 642 1968 cupido
672 1916 767 1951 erat
792 1903 870 1950 sub
892 1920 948 1950 eo
968 1903 1081 1949 duce
1103 1900 1317 1963 stipendia
1337 1899 1404 1947 fa·

109 1976 273 2025 ciendi.
307 1977 412 2037 Qua
430 1976 727 2025 circumfusus
744 1977 875 2025 turba
894 2013 907 2034 ,
933 1978 1130 2038 Quattuor
1147 1976 1312 2030 millia,
1333 1973 1402 2039 in-

109 2050 243 2114 quit,
269 2054 456 2111 peditum
489 2049 530 2096 G*
552 2052 777 2111 sexcentos
807 2054 956 2111 equites
983 2052 1210 2094 dumtaxat
1228 2047 1403 2108 scrihere

110 2127 158 2171 irz
191 2127 335 2170 animo
372 2125 453 2189 est:
489 2126 688 2171 hodierno
727 2123 769 2171 δ’
805 2126 978 2190 crastino
1017 2126 1083 2168 die
1117 2125 1187 2183 qui
1224 2124 1402 2167 nomina

112 2200 334 2255 dederitis,
364 2216 518 2242 mecum
558 2200 724 2246 ducam.
769 2197 927 2254 majori
958 2198 1062 2242 milti
1097 2213 1197 2241 curae
1235 2195 1318 2261 est,
1357 2207 1404 2238 uc

111 2287 253 2315 omnes
276 2273 492 2330 locupletes
522 2272 739 2326 reducam,
771 2288 895 2331 quum
922 2284 966 2314 ut
993 2271 1136 2314 multis
1162 2285 1241 2312 rem
1264 2281 1404 2326 geram

113 2345 332 2391 militibus.
370 2343 600 2391 Profefihis
628 2356 734 2408 apto
758 2343 989 2401 exercitu,
1019 2344 1068 2390 &
1088 2357 1144 2388 eo
1163 2339 1261 2404 plus
1286 2337 1405 2384 fidu-

114 2417 197 2465 ciae
223 2435 273 2464 ac
299 2418 388 2480 spei
413 2433 591 2483 gerente
608 2457 623 2477 ‚
656 2420 783 2484 quod
812 2435 906 2465 non
937 2417 1176 2464 desiderata
1209 2412 1408 2461 multitu·

114 2491 177 2539 do
210 2503 333 2553 erat,
362 2493 417 2541 ad
445 2494 666 2558 oppidum
693 2494 925 2542 Aharnam
944 2528 960 2552 ,
992 2487 1256 2607 undeChaud
1288 2500 1402 2549 prof

1172 2577 1194 2622 3
