1701 3008
233 188 318 238 1N
364 189 540 237 LOC.
584 188 908 236 L1B.X1V
957 188 1109 235 ων.
1258 201 1348 251 159

60 299 137 338 rior
164 299 313 348 fuerat,
344 298 429 350 plus
466 297 583 336 etiam
619 297 658 335 in
685 295 846 347 praesens
873 295 1090 334 animorum
1124 300 1237 345 atque
1266 293 1351 345 spei

63 361 251 402 attulerat.
285 361 521 401 Cedentibus
549 360 738 411 Epirotis,
769 359 907 398 iterum
935 372 956 397 a
983 357 1118 397 belluis
1142 356 1350 396 sublidium

62 424 178 474 petiit
201 423 386 475 Pyrrhus,
411 423 608 472 alteroque
636 421 703 460 suo
739 433 857 459 cornu
898 420 1096 471 fugiente,
1121 411 1282 459 vicill'nn
1309 421 1350 458 in

62 484 182 537 altero
207 485 405 526 Romanos
433 485 482 525 ad
508 483 678 535 praesidia
702 481 767 521 sua
796 483 937 533 pedem
965 482 1104 521 referre
1131 482 1268 532 coegit.

117 547 276 587 XXXI.
310 547 474 588 Firmam
502 546 556 584 ibi
586 545 784 584 stationem
807 545 927 583 iturus
956 546 996 583 in
1021 557 1190 596 pugnam
1218 543 1350 583 consul

66 608 340 649 constituerat:
368 608 468 647 hanc
495 607 612 658 igitur
640 605 859 644 recentibus
883 606 1027 645 viribus
1048 607 1226 656 excipere
1247 619 1352 655 procn

64 668 188 718 lium,
215 672 250 709 Sc
282 668 509 719 elephantos
533 666 682 706 amoliri
705 666 828 715 jubet.
858 667 1044 706 Adversus
1070 667 1152 706 haec
1179 668 1351 706 animan-

66 732 120 771 tia
145 739 338 783 promtam
357 739 471 781 atque
489 727 646 768 facilem
674 739 789 778 opem
816 727 902 767 usus
925 729 1222 768 monstraverat:
1257 728 1351 778 igni-

65 808 140 847 que
170 794 288 846 magis
325 806 445 844 quam
478 792 577 832 ferro
614 791 731 830 averti
762 789 868 841 posse
897 790 1108 841 superiores
1141 791 1352 829 docuerant

63 865 213 906 pugnae.
250 857 370 896 Parati
389 856 506 906 igitur
527 863 636 894 erant
654 852 845 901 malleoli,
862 853 971 903 stupa
993 855 1027 892 ὁὶ
1042 854 1129 903 pice
1145 852 1265 891 multa
1284 853 1353 892 ob-

66 916 173 956 duc‘ti
189 948 200 966 ‚
219 929 314 967 quos
339 915 515 955 incensos
539 913 790 965 ardentesque
816 913 854 952 in
877 922 980 965 terga
998 917 1033 954 Sc
1061 907 1183 953 turres
1207 914 1353 956 bellua-

63 986 152 1014 rum
181 979 469 1025 jaculabantur:
505 980 556 1028 ii,
590 979 664 1019 {ive
693 979 770 1017 cuti
796 977 1115 1029 elephantorum,
1142 977 1216 1016 sive
1244 977 1350 1028 ligno

63 1037 226 1077 turrium
249 1039 493 1091 insedissent,
519 1043 628 1081 uncis
654 1041 854 1091 praeacutis
878 1039 988 1079 infixi
1014 1038 1220 1078 haerebant.
1252 1040 1352 1080 Cum

63 1099 182 1149 igitur
206 1100 274 1147 hi,
310 1106 346 1138 ἐζ
377 1117 450 1137 una
472 1104 567 1143 varii
596 1099 742 1150 generis
772 1101 924 1142 miffilia
959 1115 1007 1141 ex
1035 1101 1229 1152 superiore
1262 1102 1351 1143 loco

66 1161 271 1200 confertim
300 1163 542 1211 jacerentur,
575 1161 772 1214 elephanti
808 1166 945 1216 partlm
982 1174 1124 1204 terrore
1156 1166 1352 1213 flammae,

65 1223 206 1275 partim
236 1223 370 1263 dolore
399 1223 603 1263 vulnerum
627 1223 668 1262 in
696 1223 868 1262 furorem
899 1225 993 1272 acti,
1024 1236 1113 1276 cum
1141 1224 1307 1275 amplius
1333 1239 1355 1266 a

65 1285 252 1336 magistris
279 1286 359 1336 regi
388 1287 615 1336 nequirent,
637 1285 677 1324 in
702 1283 858 1324 suorum
889 1285 1011 1324 aciem
1036 1286 1356 1336 retrocesserunt,

67 1348 220 1397 omnia,
243 1361 318 1398 quo
347 1349 538 1399 impetum
568 1355 758 1388 verterant
778 1377 789 1396 ,
813 1347 1072 1398 trepidatione
1095 1350 1130 1387 δε
1155 1347 1264 1388 clade
1284 1349 1357 1388 mi-

67 1410 230 1450 scentes.
260 1412 427 1452 Narrant
448 1410 599 1450 initium
620 1411 748 1460 stragis
771 1410 818 1449 ab
839 1409 1046 1461 elephanto
1074 1410 1182 1461 pullo
1202 1421 1327 1451 ortum
1342 1443 1354 1462 ,

67 1473 133 1523 qui
160 1472 236 1512 telo
259 1475 356 1513 ierus
377 1474 416 1512 in
431 1475 559 1524 capite
575 1505 584 1522 ,
603 1485 692 1512 cum
710 1472 910 1511 stridorem
934 1472 1136 1523 querulum
1153 1474 1353 1524 edidisset,

65 1545 230 1573 matrem
259 1536 428 1585 primum
455 1536 505 1575 ad
527 1544 659 1575 notam
675 1546 811 1575 vocem
837 1534 1095 1583 exfilientem,
1120 1535 1262 1576 deinde
1282 1536 1355 1575 hac

64 1598 183 1635 etiam
213 1597 425 1636 tumultum
455 1605 620 1649 augente
637 1628 648 1646 ,
674 1605 817 1637 ceteras
841 1595 988 1638 belluas
1013 1610 1147 1637 omnes
1177 1598 1356 1638 turbave-

67 1659 117 1697 rit
139 1660 406 1709 averteritque-

122 1720 297 1761 XXXII.
328 1722 472 1773 Magna
504 1735 547 1760 ea
572 1734 701 1773 pugna
726 1724 762 1762 δε
789 1734 949 1761 numero
980 1720 1187 1771 caesorum,
1214 1723 1250 1761 Sc
1279 1722 1355 1761 vic-

67 1785 174 1824 toriae
204 1786 330 1826 fructu
348 1786 432 1825 fuit.
464 1786 569 1826 Tum
596 1787 700 1825 enim
727 1784 965 1825 debellatum
992 1785 1044 1824 est
1071 1797 1160 1824 cum
1185 1784 1353 1837 Pyrrho,

67 1861 193 1898 neque
217 1849 330 1887 ceteri
355 1850 540 1900 deinceps
568 1848 654 1888 Itali
683 1850 775 1898 diu,
804 1860 927 1898 neque
955 1847 1039 1898 post
1067 1846 1244 1896 Italiam,
1270 1847 1355 1887 alize

66 1911 244 1950 nationes
274 1910 470 1961 Regesque
493 1911 720 1952 restiterunt.
760 1910 895 1961 Triplo
926 1912 1113 1960 majorem
1147 1924 1190 1950 ea
1224 1924 1353 1962 pugna

66 1986 273 2013 numerum
301 1973 338 2011 in
370 1974 483 2024 regiis
509 1974 681 2025 partibus
709 1972 904 2013 dimicasse
935 1973 1104 2012 tradunt.
1146 1974 1354 2024 Oetoginta

69 2036 175 2073 enim
207 2035 407 2085 peditum,
438 2033 502 2073 sex
528 2036 701 2085 equitum
732 2034 849 2073 millia
871 2034 1008 2074 fuisse:
1034 2047 1081 2072 ex
1106 2033 1163 2072 his
1187 2036 1251 2085 qui
1274 2034 1359 2085 plu-

67 2097 237 2144 fimum,
265 2095 328 2136 fex
357 2098 391 2136 &t
421 2097 576 2146 triginta
612 2097 759 2145 millia3
791 2097 854 2146 qui
884 2097 1116 2144 minimum,
1147 2097 1212 2136 sex
1235 2100 1271 2136 ὅ(
1302 2099 1356 2136 vi-

70 2159 165 2210 ginti
184 2154 275 2198 c'aesa
300 2168 515 2198 memorant
533 2172 541 2197 ι
565 2168 695 2209 captos
714 2158 817 2198 mille
839 2167 1027 2198 trecentos
1042 2190 1052 2208 ,
1071 2171 1159 2197 cum
1176 2158 1355 2210 elephan-

63 2222 120 2259 'tis
146 2224 246 2260 octo.
286 2220 446 2272 Pyrrhus
474 2232 563 2259 cum
594 2221 724 2270 paucis
749 2221 940 2270 equitibus
966 2222 1175 2260 Tarentum
1202 2221 1353 2271 effugit.

68 2283 192 2334 Capta
216 2287 298 2333 ejus
324 2284 439 2323 castra
465 2284 711 2323 admirationi
741 2284 852 2322 fniffe
880 2284 1085 2332 dicuntur,
1110 2287 1144 2324 ἃ
1170 2286 1208 2323 in
1231 2286 1358 2336 poste-

70 2359 157 2384 rum
185 2345 278 2385 usui.
310 2347 532 2397 Antiquit-us
556 2348 658 2385 enim
686 2349 720 2386 ἅ
746 2347 910 2386 Romani
934 2349 969 2386 ὃ(
994 2348 1056 2386 alii
1083 2347 1214 2398 populi
1237 2348 1355 2386 castra

72 2407 206 2461 pallini
234 2421 300 2458 per
325 2421 483 2460 corpora
512 2409 730 2449 cohortium
758 2410 1012 2460 constituere,
1035 2410 1287 2463 rnapaliorum
1315 2411 1353 2449 in

116 2524 142 2569 5
167 2522 291 2560 XXXI.
311 2521 411 2559 Oros.
434 2535 466 2566 4,
489 2536 520 2561 2.
546 2524 634 2559 Piut.
655 2525 775 2560 florus
795 2535 824 2570 1‘,
846 2524 896 2559 18.
915 2522 1037 2560 Zonar-
