1701 3008
194 213 277 264 IN
318 216 676 269 LOCLIB.
721 218 865 266 XIV
910 221 1059 267 LIV.
1220 236 1313 288 147

78 320 165 364 VII.
193 323 265 363 Ille
291 324 483 365 Cornelium
499 326 668 375 Rufinum
682 356 693 373 ‚
715 328 809 377 quod
826 328 877 364 ad
901 328 1059 366 Crotonis
1082 331 1310 382 oppugnatioa

22 402 100 426 wem
129 403 256 441 parum
281 389 418 426 haberet
447 388 604 435 roboris,
628 389 757 426 Locros
783 402 920 440 pergere
946 398 1097 438 narrat,
1120 391 1267 430 accitum
1285 403 1311 430 a

22 450 234 503 quibusdam
253 451 365 487 urbem
396 448 498 486 illam
515 450 658 502 prodere
676 448 860 501 pollicitis.
892 450 1002 489 Adest
1024 450 1140 501 paulo
1165 452 1250 502 post
1273 455 1313 494 &

24 511 141 560 alter,
171 512 236 562 qui
262 511 310 550 de
341 509 530 561 prioribus
555 511 715 558 eadem·‚
743 519 934 557 ceterum,
952 512 1030 565 jam
1058 514 1121 552 iter
1146 515 1310 568 ingreffiws

21 574 87 626 ff
105 577 309 620 Romanos,
337 572 470 611 afferit.
504 571 615 611 simul
646 571 936 622 conspiciuntur
961 575 1110 614 eminus
1139 576 1240 628 figna
1272 578 1311 616 δὲ

24 650 165 687 agmen
180 637 443 676 incedentium
464 636 549 682 via,
568 649 651 686 quae
679 636 820 676 Locros
842 637 959 678 ducit.
985 638 1038 678 Eo
1066 638 1156 678 dolo
1173 648 1314 689 captus

25 698 315 747 Nicomachus,
332 711 400 749 per
415 698 648 748 compendia
671 699 821 738 viarum
845 699 1017 739 celeriter
1041 713 1131 739 cum
1154 699 1230 740 suis
1251 713 1313 740 ae—

26 761 144 799 currit
158 761 324 808 Locros,
345 769 388 798 ut
408 772 493 798 eam
519 772 671 810 quoque
687 759 823 799 urbem
845 761 1076 802 defensurus.
1107 764 1225 813 Quod
1245 764 1314 803 ubi

23 835 94 874 per
119 820 292 860 occultos
321 823 476 860 nuntios
505 821 665 861 Rufinus
693 822 770 861 cito
803 823 1014 872 comperit,
1038 823 1219 863 converso
1251 827 1312 864 iti.

23 896 138 930 nere,
155 882 364 922 Crotonem
381 881 584 933 regreffus,
607 892 751 933 quanto
766 883 921 923 consilio
944 897 989 923 ac
1006 886 1107 935 prius
1129 886 1312 937 meliore,

22 945 275 997 tantoretiam
302 953 441 984 eventu
465 944 636 984 feliciore
663 945 753 985 usus
779 946 858 996 est„
888 946 1202 998 diligentiamque
1228 952 1314 999 ejus

23 1021 106 1047 non
130 1006 248 1045 modo
274 1006 457 1045 securitas
482 1007 647 1045 hostium
662 1038 675 1054 ,
700 1007 766 1047 sed
790 1008 906 1047 etiam
935 1008 1097 1048 fortuna:
1121 1009 1229 1048 favor
1252 1013 1315 1059 ju..

22 1071 91 1109 vit.
115 1068 230 1109 densa
251 1069 354 1108 enim
380 1068 522 1108 nebula
549 1080 766 1120 opportune
790 1074 888 1110 texit
906 1073 1177 1121 accedentem,
1193 1072 1315 1124 ptiust

22 1145 100 1184 que
116 1132 400 1184 propemodum
424 1133 524 1172 intra
547 1132 691 1172 moenia
715 1133 789 1172 fuit
813 1135 934 1173 vietor
959 1137 1174 1185 exercitus,
1195 1149 1313 1187 quam

21 1193 215 1233 reversum
238 1194 468 1233 Crotoniatae
494 1194 724 1233 didicissent.
764 1197 887 1245 Atque
913 1194 1028 1244 hujus
1052 1197 1218 1236 vietoriae
1243 1212 1313 1249 per

23 1256 64 1304 se
92 1254 178 1294 satis
201 1266 340 1304 magna
366 1253 520 1302 laetitia,
543 1263 586 1292 ut
611 1254 733 1293 ferme
759 1265 933 1295 neutram
959 1260 998 1297 in
1022 1269 1167 1309 partem
1191 1258 1311 1300 fortu-

23 1332 75 1359 na
96 1325 202 1356 tenet
224 1315 386 1355 modum
400 1345 411 1365 ,
434 1315 516 1355 aliis
536 1315 698 1356 subinde
718 1317 828 1358 rebus
851 1319 954 1359 haud
977 1322 1103 1361 minus
1127 1322 1222 1362 laetis
1245 1336 1310 1364 cua

24 1380 170 1421 mulam
192 1379 256 1419 est.

77 1442 180 1482 VIII.
201 1440 463 1482 Nicomachus
479 1441 579 1480 enim
593 1472 604 1491 ,
621 1442 815 1483 intellefto
838 1443 875 1483 se
894 1444 933 1483 in
957 1458 1120 1485 errorem
1134 1448 1307 1488 inemen-

25 1500 199 1544 dabilem
229 1503 398 1542 incidisse
414 1533 426 1551 ‚
455 1504 548 1542 dum
579 1505 747 1543 incertus
772 1505 919 1544 consilii
945 1507 1156 1548 Tarentum
1180 1511 1307 1560 redit,

26 1576 214 1620 exceptus
234 1581 256 1607 a
281 1567 420 1607 Rufino
447 1579 627 1616 magnam
647 1566 801 1607 suorum
824 1579 971 1619 partem
992 1571 1142 1619 amisit,
1163 1575 1199 1613 ἃ
1219 1587 1310 1615 cum

26 1631 180 1683 reliquis
210 1632 276 1670 vix
303 1631 344 1669 in
372 1637 498 1668 tutum
529 1629 678 1680 elapsus
706 1630 779 1678 est;
810 1642 899 1669 cum
930 1644 1045 1671 unam
1078 1633 1210 1673 urbem
1242 1636 1315 1675 de-

26 1692 188 1735 fendiss'e
229 1705 307 1730 nou
345 1699 571 1739 contentus,
606 1691 699 1730 duas
733 1690 964 1742 perdidisset.
1006 1693 1106 1732 Nam
1135 1697 1170 1733 ἃ
1200 1696 1313 1746 Locri

27 1749 200 1795 successu
225 1753 293 1792 isto
314 1753 495 1800 animati,
517 1751 687 1803 praesidio
704 1751 832 1803 Pyrrhi
851 1754 1128 1804 praefecroque,
1143 1769 1316 1806 quorum

26 1816 185 1866 injurias
216 1814 359 1854 diutius
379 1815 527 1865 perpeti
548 1814 780 1864 nequibant,
797 1815 1019 1863 trucidatis,
1036 1816 1085 1854 ad
1101 1819 1314 1860 amicitiam

26 1881 292 1922 Romanorum
319 1876 355 1916 se
383 1877 642 1917 contulerunt.
674 1876 804 1917 Rebus
828 1876 876 1916 ad
908 1875 1011 1915 hunc
1035 1879 1196 1918 modum
1222 1894 1313 1932 pro.

26 1939 276 1985 cedentibus,
305 1951 383 1977 non
408 1940 496 1978 ideo
529 1939 569 1978 in
597 1947 746 1979 tantum
772 1938 990 1978 ceciderant
1016 1941 1136 1979 animi
1163 1942 1314 1983 Samni-

24 2003 125 2042 tium
156 2010 448 2050 ceterorumque
475 2001 739 2052 populorum,
766 2002 859 2051 quin
890 1999 1001 2051 super
1021 2002 1167 2041 insitam
1191 2006 1313 2054 pervi.

26 2064 199 2111 caciam,
226 2061 291 2113 spe
315 2074 467 2112 quoque
488 2062 622 2112 Pyrrhi
651 2062 786 2113 Regis,
814 2063 848 2101 &
874 2063 1058 2102 nuntiatis
1085 2065 1167 2112 ejus
1189 2065 1226 2104 in
1252 2066 1311 2106 Si.

25 2126 114 2165 cilia
137 2123 392 2170 successibus,
423 2123 472 2163 ad
500 2123 656 2172 omnia,
675 2136 758 2174 quae
785 2121 861 2162 sors
891 2122 1060 2171 ferebat,
1091 2126 1308 2175 perpetien-

26 2186 76 2229 da
107 2179 413 2228 sustentarentur.

81 2252 152 2292 IX.
182 2249 344 2302 Pyrrhus
372 2251 475 2288 enim
497 2249 572 2303 (ut
592 2247 707 2298 hujus
733 2249 848 2288 etiam
877 2255 980 2287 extra
1001 2248 1152 2288 Italiam
1181 2251 1314 2302 gestaJ

26 2314 131 2365 quod
162 2326 296 2352 eorum
325 2312 562 2362 temporibus
600 2310 790 2361 locisque,
826 2310 874 2349 ad
905 2310 987 2349 haec
1022 2312 1187 2361 negotiis
1222 2313 1309 2363 ipiis

29 2390 121 2417 cum
150 2375 333 2416 Romanis
361 2376 474 2415 rebus
511 2377 762 2423 conjunctum
788 2373 864 2421 est,
890 2376 1163 2429 exponantur)
1197 2375 1310 2415 rebus

30 2438 134 2490 apud
165 2436 418 2488 Syracusanos
454 2435 737 2487 Leontinosque
775 2435 1012 2485 constitutis,
1041 2436 1141 2476 circa
1172 2436 1307 2476 eadem

87 2547 112 2591 5
141 2545 213 2581 Vll.
237 2546 361 2581 Zonar.
387 2547 502 2582 frent.
527 2548 550 2592 §
573 2548 664 2583 vlu.
685 2547 830 2599 Appian.
850 2558 904 2593 ap.
923 2545 1034 2580 Vales.

994 2600 1041 2645 K
1070 2614 1097 2645 2
