1701 3008
220 207 305 255 1N
358 205 539 254 Loc,
587 202 986 251 L13.Xv111
1040 201 1179 248 mv,
1286 214 1374 262 245

91 322 212 358 xerat.
245 315 316 356 Ille
342 314 476 360 rebus,
497 327 580 365 quae
603 311 771 362 eousque
799 311 906 362 gestae
934 318 1066 356 erant,
1090 306 1315 355 intellectis,
1345 307 1379 346 ἐξ

94 377 243 429 reliquo
270 378 497 418 Punicarum
525 376 724 425 copiarum
741 404 752 422 ,
779 372 1074 423 elephantorum
1089 401 1099 420 ,
1121 371 1292 420 equitum
1315 383 1382 422 ap-

93 451 232 491 paratu
251 440 408 490 cognito
425 469 436 487 ,
460 451 538 477 non
567 436 759 476 dubitavit
779 436 921 483 jactare
943 432 1094 484 palam,
1119 433 1386 485 Carthaginim.

87 503 151 555 fies
169 517 239 542 non
266 519 288 541 a
314 503 492 543 Romanis
509 531 520 550 ‚
537 503 602 553 sed
620 516 644 538 a
659 500 850 553 semetipfis
870 499 977 536 vielos
993 497 1077 549 effic,
1095 511 1158 548 per
1177 497 1384 549 imperitiam

93 566 219 603 ducum
237 594 246 610 ‚
267 565 327 617 qui
353 565 489 602 viribus
511 563 592 616 ficis
616 564 668 601 uti
690 560 916 615 nescimffent.
950 560 1034 600 HOC
1058 559 1230 599 sermone
1255 558 1384 597 celeri-

96 634 156 666 ter
184 626 340 677 vulgato
358 658 369 675 ‚
386 633 544 665 vocatus
570 638 590 664 a
609 623 892 675 magistratibus
913 622 1165 674 Xanthippus
1183 653 1193 671 ‚
1223 623 1385 661 rationes

96 688 295 728 sententiae
326 687 400 728 suae
428 687 573 738 promit
607 694 686 725 tam
718 685 940 732 evidentes,
974 692 1016 723 ut
1050 697 1171 736 pro-pe
1210 685 1386 724 manibus

95 751 327 790 contrectari
354 749 495 800 possint
517 761 526 788 :
556 750 592 786 in
606 747 797 801 faciundis
819 748 1001 785 itineribus
1016 777 1028 795 ‚
1049 749 1085 785 in
1111 749 1227 800 castris
1246 763 1387 800 pones:-

93 815 152 852 dis
166 843 177 861 ,
196 814 233 851 in
253 812 389 866 proeliis
403 811 676 857 committendis,
693 809 769 848 loca
779 810 921 862 prorsizs
947 809 1159 847 incommoda
1177 810 1284 862 deligi
1306 824 1387 848 con·

87 875 239 931 fitevff
253 906 264 924 ‚
287 875 418 916 docet.
439 876 477 925 fi
496 876 603 927 suum
627 871 800 924 cotfilium
825 871 1000 918 audiant,
1025 884 1093 909 non
1117 871 1388 910 incolumitatem

96 940 198 977 modo
213 968 226 985 ‚
234 939 302 992 sed
314 938 416 976 etiam
436 936 615 974 vinariam
630 934 836 985 promittit.
860 932 1024 973 Probant
1044 933 1144 974 hanc
1157 933 1387 975 sententiam

96 1011 190 1038 cum
218 998 334 1038 ceteri
362 997 528 1036 civitatis
555 996 774 1046 principes,
799 1003 881 1033 tum
910 994 975 1045 ipsi
1001 994 1147 1034 duces:
1185 997 1221 1035 δι
1250 995 1389 1035 lauda-

97 1062 166 1103 bili
201 1060 386 1102 modestia
423 1058 557 1110 patriae
591 1057 700 1097 saluti
740 1056 845 1096 suam
875 1056 1195 1096 existimationem
1233 1057 1389 1108 postha-

95 1123 258 1169 bentes,
285 1119 430 1159 homini
456 1119 658 1170 peregrino
687 1117 942 1156 deferendum
968 1117 1171 1168 imperium
1199 1121 1388 1160 exercitus

97 1184 152 1224 sui
193 1182 437 1223 consentiunt
466 1174 794 1229 consciscuntque.
847 1178 1099 1229 Xanthippus
1124 1187 1284 1230 accepta
1313 1195 1390 1232 po·-

98 1248 234 1288 testate
278 1245 453 1298 quotidie
485 1243 628 1282 milites
668 1255 714 1281 ex
753 1241 847 1280 urbe
885 1242 1082 1290 educens,
1117 1243 1390 1293 campestribus

98 1310 291 1352 exercitiis
318 1309 368 1349 ad
393 1307 597 1346 servandos
621 1303 947 1355 permutandosve
966 1304 1142 1353 ordines,
1167 1305 1389 1356 ducumque

99 1371 196 1426 juffa
229 1370 401 1411 celeriter
432 1367 674 1418 exsequenda
705 1366 948 1406 adsuefacit:
987 1366 1118 1417 copias
1148 1365 1247 1406 lianc
1279 1367 1390 1407 disci-

97 1434 248 1486 plinam
274 1444 364 1471 cum
389 1431 513 1481 priore
546 1438 812 1480 comparantes
840 1428 1097 1469 admiratione
1121 1428 1175 1468 sui
1194 1460 1204 1479 ,
1228 1429 1389 1469 fiducia-

100 1510 177 1550 que
203 1495 371 1535 melioris
395 1493 535 1532 deinde
562 1491 750 1530 successus
772 1490 932 1542 implet:
960 1499 1039 1530 tota
1067 1491 1198 1532 civitas
1222 1502 1390 1532 recreata

96 1573 148 1601 ex
167 1560 281 1599 rebus
297 1559 376 1597 fere
392 1556 600 1608 desperatis
612 1556 660 1596 ad
678 1555 1003 1607 exspectationem
1024 1556 1144 1596 futuri
1162 1557 1329 1608 erigitur.

173 1620 322 1661 XXIII.
369 1620 482 1659 Hane
515 1618 753 1658 alacritatem
790 1618 963 1657 omnium
990 1617 1055 1658 ubi
1087 1619 1203 1657 duces
1232 1619 1392 1668 vident,

98 1685 233 1725 animo
257 1685 292 1723 ὃς
318 1682 385 1734 ipsi
414 1690 570 1732 recepto
588 1683 627 1720 in
646 1681 793 1722 hostem
810 1683 947 1721 iterum
965 1683 1105 1720 ducere
1123 1682 1384 1722 constituunt:

98 1747 262 1799 suosque
289 1745 346 1785 uti
380 1753 533 1795 tempus
563 1744 782 1797 postulabat
814 1744 1032 1792 adhortati,
1058 1756 1146 1783 cum
1178 1745 1388 1785 duodecim

101 1811 184 1851 fere
209 1808 380 1848 millibus
398 1809 598 1858 peditum,
616 1816 781 1859 quatuor
803 1807 999 1858 equitum,
1017 1808 1051 1846 ἃ
1073 1806 1287 1858 elephantis
1309 1820 1390 1848 non

99 1871 228 1913 multo
259 1870 505 1921 paucioribus
536 1879 694 1910 centum
721 1869 897 1910 adversus
921 1870 1115 1910 Romanos
1142 1871 1388 1920 progrediun-

98 1943 175 1975 tur.
213 1933 408 1974 Romanos
433 1944 553 1971 unum
582 1931 678 1971 illud
708 1932 911 1980 movebat,
935 1932 1039 1982 quod
1070 1921 1238 1970 instituto
1264 1931 1388 1981 priore

102 2004 256 2036 mutato
274 1995 425 2044 Poenos,
440 1996 570 2035 vitatis
587 1995 810 2035 editioribus
831 1994 1042 2046 asperisque
1061 1993 1176 2043 locis,
1193 2007 1258 2045 per
1276 1993 1388 2045 plana

101 2072 331 2112 camporum
357 2059 541 2099 videbant
571 2059 784 2098 incedere:
820 2058 885 2098 sed
919 2066 1102 2109 perpetua
1134 2057 1314 2096 felicitate
1349 2057 1388 2098 in

99 2121 321 2175 superbiam
347 2123 434 2163 elati
453 2153 463 2171 ‚
492 2122 593 2161 vinci
625 2121 752 2160 solitas
775 2122 905 2171 copias
934 2121 1209 2170 ductoremque
1239 2121 1389 2160 Graecu-

99 2185 182 2225 lum
209 2183 482 2236 despiciebant.
525 2183 662 2232 Neque
700 2181 870 2230 Regulus
902 2181 1065 2220 intactus
1093 2189 1172 2218 erat
1201 2179 1276 2217 hoc
1305 2180 1388 2217 for-

100 2254 203 2286 tunae
231 2245 474 2297 obsequentis
500 2243 643 2283 blando
666 2255 829 2281 veneno.
866 2242 982 2292 igitur
1001 2254 1089 2280 cum
1118 2241 1153 2280 se
1177 2241 1389 2279 maritimas

99 2308 310 2350 Poenorum
336 2307 455 2354 vires,
482 2318 571 2345 cum
598 2304 787 2355 pedestres
815 2303 988 2355 fregiffe,
1011 2304 1154 2354 oppida
1175 2303 1293 2342 ferme
1320 2303 1389 2342 du-

101 2379 235 2418 centa,
262 2368 465 2408 hominum
493 2368 542 2407 ad
568 2369 734 2407 ducenta
764 2365 882 2405 millia
912 2365 1072 2417 cepifl'e,
1096 2366 1309 2416 urbemque
1335 2365 1389 2413 ip-

101 2431 182 2473 sam
201 2431 386 2472 Punicam
410 2429 521 2471 variis
549 2429 812 2470 incommodis
835 2428 1073 2470 laborantem
1100 2428 1186 2479 cogi
1209 2429 1257 2467 ad
1283 2426 1389 2466 dedi-

149 2540 173 2586 §
195 2540 302 2577 XXII.
322 2539 441 2585 Polyb.
470 2540 559 2576 Flor-
586 2551 626 2583 2,
646 2552 678 2576 2.
703 2541 865 2575 Zonaras.

1021 2587 1124 2647 Ως
