1701 3008
333 193 395 236 42
714 173 1287 220 TITILIVII

327 282 527 332 hostium
559 280 781 340 consiliis,
812 281 971 329 dimiffi
999 299 1103 330 cum
1137 280 1295 341 donis,
1323 290 1375 329 ut
1401 280 1618 342 subinde3

327 370 379 405 ut
412 373 601 422 quaeque
637 373 706 403 res
733 373 858 404 nova
877 357 1051 404 decreta
1069 355 1500 419 effet,'exploratam
1519 373 1621 419 per·-

329 432 509 480 ferrent.
570 429 791 478 Consules
823 430 1015 489 Fulvio,
1051 442 1100 477 ut
1128 447 1185 477 ex
1229 429 1426 488 Falisco,
1457 428 1619 475 Postu-

329 507 424 553 mio
442 543 456 565 ,
483 518 531 551 ut
557 521 614 550 ex
635 505 862 553 Vaticano
894 505 1141 566 exercitum
1171 505 1226 551 ad
1243 504 1444 551 Clusium
1464 504 1619 550 admo·

329 591 466 625 veant
484 615 497 637 ‚
523 578 782 644 summaque
809 580 857 627 vi.
886 578 996 625 fines
1022 577 1218 624 hostium
1252 576 1616 641 depopulentur,

330 652 546 699 scribunt.
611 650 756 712 Hujus
799 650 1108 715 populationis
1153 649 1268 696 sama
1317 648 1526 696 Etruscos
1563 664 1620 695 ex

328 742 437 789 agro
468 724 697 771 Sentinate
733 725 788 771 ad
819 724 922 771 suos
954 723 1064 770 fines
1105 723 1298 771 tuendos
1333 721 1494 769 movit.
1542 724 1618 767 In-

327 798 442 845 stare
474 798 578 845 inde
610 797 849 857 consuleS‚
876 809 926 847 ut
962 796 1216 844 absentibus
1250 795 1303 842 iis
1330 806 1618 858 pugnaretur.

327 890 407 937 per
438 872 622 918 biduum
655 871 877 920 lacessiere
906 871 1074 934 proelio
1102 870 1288 917 hostem.
1335 869 1475 916 biduo
1507 868 1620 914 nihil

328 948 514 1010 dignum
538 947 657 993 dictu
677 948 835 994 aetum.
867 945 1002 992 Pauci
1022 945 1233 1007 utrinque
1258 943 1461 995 cecidere
1484 960 1496 989 τ
1523 960 1620 989 ma-

325 1020 479 1084 gisque
501 1019 659 1066 irritati
680 1019 779 1066 sunt
798 1020 852 1066 ad
871 1017 1036 1081 justum
1057 1028 1282 1066 certamen
1302 1017 1467 1075 animi,
1486 1033 1618 1079 quam

276 1146 281 1150 ,
325 1094 382 1140 ad
403 1093 638 1141 discrimen
661 1094 829 1140 summa
862 1109 1013 1138 rerum
1043 1092 1242 1138 adduita.
1273 1091 1410 1138 tertio
1441 1090 1511 1137 die
1541 1090 1618 1136 de-

324 1168 529 1215 scensum
563 1169 610 1214 in
641 1184 851 1230 campum
881 1165 1094 1213 omnibus
1121 1164 1268 1227 copiis
1296 1157 1391 1209 ests‘
1406 1159 1526 1209 Cum
1544 1161 1617 1208 in-

324 1241 500 1288 struilae
527 1241 645 1288 acies
663 1241 823 1287 starent
839 1276 852 1298 ‚
877 1256 1014 1287 cerva
1037 1237 1211 1301 fugiens
1234 1237 1391 1299 lupum
1422 1252 1446 1281 e
1479 1251 1617 1281 mon-

324 1313 443 1360 tibus
467 1314 619 1360 exafila
648 1330 727 1376 per
756 1329 941 1376 campos
969 1312 1086 1359 inter
1112 1311 1218 1357 duas
1250 1309 1364 1356 acies
1392 1307 1616 1355 decurrit:

323 1384 430 1432 inde
461 1385 647 1434 diversae
671 1384 775 1432 ferae
793 1423 806 1443 ,
837 1402 971 1433 cerva
994 1384 1048 1431 ad
1077 1383 1235 1430 Gallos
1254 1418 1267 1440 ‚
1290 1381 1423 1444 lupus
1448 1380 1503 1427 ad
1522 1380 1618 1426 Ro-

326 1474 488 1504 manos
519 1458 696 1505 cursum
732 1458 931 1504 deflexit.
984 1460 1114 1521 Lupo
1153 1456 1251 1502 data
1286 1455 1404 1501 inter
1437 1451 1618 1499 ordines

326 1531 431 1586 via;
462 1548 641 1579 cervam
662 1531 784 1578 Galli
811 1530 1056 1578 confixere.
1093 1530 1213 1576 Tum
1244 1544 1301 1574 ex
1323 1525 1618 1588 antesignanis

323 1605 558 1651 Romanus
585 1604 737 1661 mileS,
758 1609 866 1654 Illac
881 1605 1022 1666 fuga,
1048 1603 1217 1665 inquit,
1253 1600 1295 1648 δ’
1323 1603 1446 1663 caedes
1468 1601 1617 1655 vertit,

325 1680 399 1723 ubi
417 1678 588 1738 fixeram
618 1679 780 1723 Dianae
798 1678 942 1735 flamm
964 1677 1170 1733 jacentem
1195 1676 1360 1721 videtis.
1394 1675 1512 1718 Hinc
1530 1675 1618 1718 vic-

322 1768 391 1798 tor
413 1753 601 1797 Marcius
621 1756 743 1812 lupus
756 1789 774 1807 ,
797 1754 950 1812 integer
970 1749 1012 1796 δ’
1029 1748 1224 1805 machis,
1243 1748 1378 1808 gentis
1397 1763 1475 1791 nos
1495 1748 1618 1791 Mar-

325 1817 392 1873 ti'ae
414 1824 456 1872 ὃ*
473 1828 699 1872 conditoris
725 1825 851 1890 nostri
868 1826 1102 1870 admonuit.
1139 1822 1321 1868 Dextro
1343 1835 1489 1866 cornu
1509 1818 1618 1865 Gal-

321 1897 381 1956 li,
401 1896 576 1944 sinistro
604 1897 820 1945 Samnites
851 1896 1161 1944 constiterunt.
1196 1892 1408 1941 adversus
1432 1891 1607 1938 Samni-

324 1987 390 2022 tes
420 1978 481 2036 Q.
501 1978 659 2024 Fabius
680 1976 870 2039 primam
891 1993 940 2023 ac
965 1976 1140 2022 tertiam
1165 1974 1367 2038 legiones
1397 1988 1482 2035 pro
1509 1973 1615 2018 dex-

326 2060 402 2096 tro
442 2067 622 2107 cornu3
660 2049 871 2097 adversus
906 2049 1065 2096 Gallos
1109 2064 1194 2109 pro
1230 2046 1405 2092 sinistro
1440 2045 1614 2092 Decius

324 2122 530 2183 quintam
554 2125 603 2170 δε
624 2122 789 2170 sextam
812 2122 1033 2168 instruxit.
1058 2121 1247 2168 secunda
1268 2122 1318 2167 δε
1338 2113 1493 2181 quarta
1513 2135 1617 2165 cum

328 2196 374 2240 J...
397 2194 650 2242 Volumnio
682 2194 952 2258 proconsule
987 2195 1033 2240 in
1066 2193 1250 2239 Samnio
1281 2192 1489 2254 gerebant
1522 2191 1612 2237 bel-

327 2265 436 2314 lum.
473 2268 625 2313 Primo
653 2267 875 2314 concursu
894 2267 1015 2313 -adeo
1049 2265 1186 2329 aequis
1209 2265 1383 2312 viribus
1403 2265 1521 2329 gesta
1544 2280 1614 2311 res

325 2338 388 2386 est
404 2374 418 2398 ,
436 2350 513 2398 ut,
540 2340 571 2385 s1
599 2339 815 2386 affuissent
837 2339 1009 2386 Etrusci
1030 2340 1079 2385 &
1105 2337 1293 2395 Umbri,
1314 2349 1388 2384 aut
1415 2337 1461 2383 in
1487 2336 1610 2395 acie,

325 2435 402 2467 aut
429 2420 475 2466 in
502 2419 675 2477 castris,
699 2435 974 2485 quocunque
996 2418 1038 2467 se
1059 2418 1338 2468 inclinassent
1353 2455 1367 2480 ‚
1388 2418 1614 2483 accipien-

329 2494 385 2542 da
417 2493 564 2544 clades
583 2493 734 2543 fuerit.
