1701 3008
356 204 447 252 372
712 178 1268 230 T1T1L1V11

355 295 595 348 ululatibus
615 302 834 353 cantuque
854 287 994 336 moris
1022 286 1113 345 sui,
1142 285 1392 351 quatientes
1422 284 1544 334 scuta
1561 284 1635 333 su·

349 388 433 434 per
465 367 644 429 capita,
678 360 991 424 vibrantesque
1024 323 1192 407 dextris
1229 358 1347 406 tela:
1379 375 1635 422 quanquam

353 445 404 490 δε
435 458 487 488 ex
518 436 707 486 adverso
739 434 934 481 terrebat
964 444 1087 479 tanta
1118 430 1190 479 vis
1216 430 1406 479 navium
1433 448 1538 478 cum
1565 431 1638 477 in-

353 513 476 578 genti
504 510 619 558 sono
644 506 842 555 fluminis
870 507 919 554 &
945 496 1142 551 clamore
1168 503 1301 552 vario
1328 516 1563 552 nautarum
1588 505 1640 550 &

353 584 575 641 militum,
603 579 680 645 qui
707 579 966 626 nitebantur
982 592 1269 657 perrumpere
1301 575 1518 639 impetum
1548 573 1637 622 flu-

353 656 515 712 minis,
542 656 592 703 &
615 652 694 717 qui
728 667 785 699 ex
814 650 949 698 altera
976 649 1072 713 ripa
1105 647 1376 711 trajicientes
1404 647 1508 696 suos
1528 648 1639 695 hor-

352 730 575 779 tabantur.
603 729 698 776 Jam
722 725 822 773 satis
850 735 1066 787 paventes
1100 721 1289 771 adverso
1321 722 1517 771 tumultu
1548 733 1640 769 ter-

355 804 533 852 ribilior
555 802 611 849 ab
639 813 771 864 tergo
803 799 989 846 adortus
1013 799 1214 854 clamor,
1246 796 1397 844 castris
1427 798 1483 844 ab
1510 798 1639 843 Han-

354 892 477 924 none
502 873 657 937 captis.
687 888 798 918 mox
825 873 876 918 &
902 869 992 933 ipse
1017 869 1191 926 aderat,
1216 868 1464 932 ancepsque
1491 875 1639 916 terror

358 945 696 1003 circumstabat,
727 945 777 992 &
796 960 820 989 e
842 942 1032 991 navibus
1050 952 1173 988 tanta
1201 941 1250 989 vi
1280 953 1555 988 armatorum
1591 941 1639 987 in

355 1034 521 1068 terram
543 1018 792 1073 evadente,
823 1017 873 1064 &
898 1015 955 1062 ab
981 1027 1108 1078 tergo
1139 1012 1388 1076 improvisa
1410 1025 1640 1076 premente

359 1095 468 1143 acie.
502 1091 654 1151 Galli,
689 1091 927 1155 postquam
947 1125 960 1148 ,
992 1089 1116 1136 ultro
1146 1088 1241 1138 vim
1276 1087 1422 1136 facere
1453 1088 1606 1136 conati
1625 1124 1641 1147 ,

356 1169 660 1233 pellebantur,
695 1182 783 1230 qua
813 1179 963 1229 patere
995 1163 1140 1213 visum
1172 1162 1367 1211 maxime
1393 1163 1501 1224 iter,
1533 1180 1642 1228 per·

357 1252 608 1305 rumpunt,
640 1240 893 1305 trepidique
927 1240 975 1287 in
1009 1239 1143 1286 vicos
1179 1238 1332 1302 passim
1367 1237 1471 1286 suos
1504 1237 1643 1285 diffu-

358 1317 502 1380 giunt.
530 1315 780 1373 Hannibal,
807 1313 964 1362 ceteris
989 1314 1132 1377 copiis
1154 1330 1235 1377 per
1261 1313 1406 1361 otium
1425 1311 1641 1376 trajeffis,

359 1389 568 1451 spernens
599 1385 688 1449 jam
709 1386 914 1434 Gallicos
940 1386 1183 1445 tumultus,
1213 1385 1351 1433 castra
1369 1385 1505 1433 locat.
1536 1386 1641 1433 Ele-

360 1461 637 1525 phantorum
663 1460 1030 1523 trajiciendorum
1048 1460 1174 1507 varia
1192 1459 1380 1507 consilia
1400 1459 1524 1507 fuiffe
1542 1476 1642 1508 cre-

358 1534 446 1580 do:
474 1544 591 1580 certe
612 1532 780 1579 variata
800 1532 1016 1579 memoria
1034 1528 1139 1578 3&ae
1165 1532 1244 1580 rei.
1283 1532 1467 1596 quidam
1481 1567 1496 1592 ,
1517 1549 1636 1579 con-

361 1607 550 1671 gregatis
585 1607 641 1653 ad
681 1606 819 1669 ripam
856 1605 1099 1668 elephantis
1119 1640 1133 1662 ‚
1171 1606 1385 1665 tradunt,
1422 1605 1641 1653 ferociffi-

360 1697 484 1728 mum
517 1697 574 1726 ex
609 1679 662 1727 iis
690 1680 909 1726 irritatum
942 1680 997 1726 ab
1026 1679 1200 1726 τεξὶοτε
1235 1678 1345 1737 suo,
1384 1695 1487 1726 cum
1520 1677 1641 1726 refu·-

361 1751 557 1816 gientem
576 1751 624 1798 in
653 1769 813 1816 aquam
837 1762 1018 1797 nantem
1041 1750 1322 1813 sequeretur,
1344 1751 1520 1798 traxisse
1541 1769 1640 1815 gre-

363 1843 493 1889 gem,
519 1837 568 1872 ut
596 1842 822 1890 quemque
847 1826 1078 1872 timentem
1110 1824 1391 1872 altitudinem
1427 1825 1641 1874 destitue-

362 1911 430 1945 rat
448 1899 644 1953 vadum..
677 1900 846 1962 impetu
876 1898 972 1962 ipso
999 1896 1198 1944 fluminis
1228 1897 1275 1944 in
1296 1898 1477 1945 alteram
1497 1898 1642 1961 ripam

362 1970 577 2032 rapiente.
608 1972 820 2018 Ceterum
841 1970 981 2034 magis
999 1970 1198 2030 constat,
1225 1971 1393 2019 ratibus
1411 1970 1640 2032 trajeEtos:

365 2042 410 2089 id
443 2055 492 2088 ut
512 2043 647 2091 tutius
683 2043 920 2091 confilium
950 2056 1050 2090 ante
1069 2059 1164 2089 rem
1184 2042 1303 2091 foret
1319 2079 1332 2102 ,
1350 2044 1410 2090 ita
1425 2078 1439 2101 ,
1459 2043 1553 2090 afta
1568 2059 1641 2101 re,

363 2115 420 2159 ad
447 2113 580 2162 fidem
611 2116 799 2179 pronius
819 2116 894 2163 est.
924 2116 1083 2162 Ratem
1112 2132 1248 2162 unam
1266 2152 1283 2173 ,
1302 2116 1520 2162 ducentos
1540 2115 1644 2161 lon-

365 2202 460 2247 gam
484 2187 616 2247 pedes
636 2223 649 2245 ,
677 2187 998 2252 quinquaginta
1022 2186 1149 2232 latam
1164 2222 1177 2243 ,
1207 2203 1231 2232 a
1251 2197 1366 2232 terra
1391 2186 1437 2231 in
1463 2201 1642 2232 amnem

364 2271 691 2319 porrexerunt:
729 2276 891 2323 quam,
921 2275 976 2304 ne
1008 2257 1200 2305 secunda
1227 2274 1343 2320 aqua
1365 2257 1642 2313 deferretur,

365 2327 566 2390 pluribus
585 2331 743 2378 validis
762 2330 1016 2381 retinaculis
1038 2342 1161 2392 parte
1183 2328 1410 2391 superiore
1439 2330 1548 2393 ripae
1568 2345 1641 2376 re-

366 2398 543 2461 ligatam
562 2435 575 2457 ‚
608 2401 759 2463 pontis
784 2402 831 2447 in
862 2401 1049 2447 modum
1081 2401 1223 2446 humo
1252 2401 1411 2462 inje&a
1444 2400 1644 2448 constrin-

367 2484 557 2528 verunt3
586 2484 633 2518 ut
661 2472 819 2520 belluae
840 2472 1045 2518 auclafter
1068 2472 1191 2519 velut
1212 2489 1292 2535 per
1320 2472 1465 2520 solum
1501 2472 1644 2534 ingre-
