1701 3008
264 167 871 222 HISTORIARUM
918 170 1052 216 LIB.
1091 170 1152 217 X.
1302 172 1360 233 63

69 277 223 328 castris
259 277 475 326 inta&iim
508 277 753 341 cupiditate
784 294 979 341 pugnae:
1017 277 1176 325 summi
1199 277 1368 326 infimi-

72 371 163 419 que
193 369 320 416 aeque
354 352 517 399 intenti
546 364 708 399 erant:
742 351 834 398 dux
866 351 1090 411 militum,
1121 353 1247 400 miles
1280 355 1369 401 du-

71 427 136 475 cis
172 426 381 474 ardorem
412 425 644 488 speclabat.
679 427 718 471 Is
751 425 887 470 ardor
918 425 1123 472 omnium
1158 427 1289 474 etiam
1313 428 1371 474 ad

70 517 150 549 eos
169 537 183 558 ,
206 500 286 565 qui
314 499 516 563 auspicio
539 499 788 545 intererant
805 534 820 556 ‚
845 499 1070 560 pervenit.
1110 517 1211 546 nam
1228 537 1242 559 ‚
1262 517 1371 548 cum

69 572 183 636 pulli
212 589 309 618 non
339 571 650 635 pascerentur,
671 569 914 631 pullarius,
934 570 1181 632 auspicium
1204 575 1370 620 menti-

72 645 112 691 ri
151 644 306 704 ausus,
331 643 580 707 tripudium
615 640 881 688 solistimum
915 643 1091 688 consuli
1124 646 1370 693 nuntiavit.

71 716 246 757 Consul
264 717 408 770 laetus,
428 713 679 774 auspicium
698 711 926 775 egregium
945 710 1048 770 effe,
1066 713 1116 758 ὃς
1133 713 1246 761 Deis
1267 732 1372 764 auc·

72 786 249 832 toribus
277 803 370 833 rem
394 786 622 851 gesturos,
644 785 938 849 pronuntiat3
966 785 1230 849 signumque
1256 803 1372 850 pug-

72 873 146 903 nae
178 857 416 921 proponit.
449 858 643 904 Exeunti
667 857 757 920 jam
786 855 907 904 forte
935 856 984 903 in
1014 858 1157 904 aciem
1193 859 1372 907 nuntiat

70 928 294 992 perfuga,
327 930 497 994 viginti
529 931 745 978 cohortes
777 930 1047 976 Samnitium
1070 930 1374 998 (quadringe-

72 998 211 1045 nariae
241 1001 381 1044 ferme
406 1000 568 1062 erant)
601 1002 869 1050 Cominium
897 1000 1134 1066 profectas.
1168 1007 1293 1069 quod
1316 1023 1375 1053 ne

74 1071 310 1134 ignoraret
341 1069 539 1134 collega,
575 1070 810 1135 extemplo
845 1076 1052 1119 nuntium
1083 1073 1250 1122 mittit:
1280 1076 1376 1138 ipse

73 1143 198 1207 figna
219 1144 349 1191 ocius
376 1143 572 1208 proferri
599 1145 744 1207 jubet,
767 1144 1047 1210 subsidiaque
1069 1145 1153 1194 suis
1181 1165 1379 1213 quaeque

75 1216 225 1275 locis,
257 1218 309 1264 ὅς
342 1217 579 1280 praefectos
618 1218 819 1265 subsidiis
863 1219 1140 1269 attribuerat.
1187 1223 1376 1270 Dextro

76 1306 225 1337 cornu
245 1291 294 1338 L.
319 1291 619 1338 Volumnium
635 1327 648 1348 ‚
669 1291 844 1339 sinistro
865 1294 916 1338 L.
935 1291 1196 1355 Scipionem
1213 1329 1227 1353 ,
1247 1295 1378 1359 equi-

76 1369 198 1416 tibus
217 1369 389 1433 legatos
410 1369 541 1427 alios,
559 1369 697 1433 Cajos
719 1368 968 1416 Caedicium
989 1370 1040 1415 &
1060 1369 1376 1430 Trebonium,

78 1441 296 1506 praefecit.
318 1443 385 1505 Sp.
406 1443 625 1490 Nautium
642 1441 816 1501 mulos,
834 1441 1038 1489 detraffis
1058 1441 1252 1500 clitellis,
1272 1459 1377 1488 cum

80 1514 350 1561 cohortibus
384 1515 529 1562 alariis
560 1516 606 1562 in
629 1514 852 1562 tumulum
876 1514 1162 1578 conspectum
1183 1531 1380 1577 propere

79 1587 420 1635 circumducere
450 1587 605 1650 jubet,
638 1600 772 1651 atque
801 1586 907 1633 inde
938 1587 1054 1634 inter
1081 1587 1219 1650 ipsam
1245 1587 1378 1633 dimi-

79 1661 338 1720 cationem,
371 1674 545 1724 quanto
581 1660 778 1708 maxime
813 1659 990 1723 poffet,
1023 1673 1155 1706 moto
1185 1659 1380 1722 pulvere

80 1734 330 1782 ostendere.
354 1736 486 1782 Dum
512 1735 581 1781 his
613 1734 809 1780 intentus
833 1733 1080 1794 imperator
1105 1743 1199 1778 erat
1214 1769 1228 1791 ‚
1249 1733 1382 1778 alter-

78 1809 199 1858 catio
219 1809 336 1856 inter
359 1809 579 1872 pullarios
594 1821 693 1856 orta
712 1808 766 1855 de
786 1807 987 1871 auspicio
1006 1806 1099 1870 ej‘us
1117 1806 1222 1866 diei,
1243 1824 1381 1854 exau-

80 1882 263 1944 ditaque
289 1883 344 1929 ab
366 1882 591 1946 equitibus
612 1881 859 1928 Romanis:
879 1880 986 1944 qui,
1008 1897 1102 1926 rem
1122 1880 1242 1927 haud
1260 1880 1381 1943 sper-

79 1956 277 2003 nendam
303 1957 386 2003 rati
406 1992 420 2014 ‚
454 1958 528 2019 Sp.
548 1955 730 2018 Papirio
757 1955 906 2002 fratris
927 1952 1023 1998 filio
1041 1953 1238 2000 consulis
1253 1989 1268 2012 ‚
1287 1970 1391 1999 arn-r

79 2028 177 2092 bigi
215 2028 268 2074 de
304 2027 536 2089 auspicio,
575 2026 970 2075 renuntiaverunt.
1025 2026 1243 2083 Juvenis,
1277 2037 1382 2073 ante

83 2102 336 2148 doclrinam
357 2102 487 2148 Deos
507 2101 788 2164 spernentem
809 2111 965 2153 natus,
991 2115 1083 2144 rem
1104 2098 1383 2161 inquisitam,

83 2194 141 2224 ne
173 2176 281 2241 quid
313 2176 647 2238 incompertum
683 2173 877 2220 deferret
909 2173 963 2217 ad
999 2171 1229 2218 consulem
1249 2206 1263 2224 ‚
1297 2171 1381 2216 de-

79 2250 197 2296 tulit.
238 2249 311 2296 cui
339 2249 413 2295 ille
431 2285 443 2304 ‚
470 2252 535 2295 Tu
561 2250 722 2309 quidem
754 2247 878 2292 snai‘le
904 2246 1051 2290 virtute
1084 2247 1382 2305 diligentiaque

80 2326 158 2390 esto
176 2342 191 2369 :
215 2341 381 2370 ceterum
407 2327 478 2385 qui
502 2324 690 2384 auspicio
714 2319 906 2385 adest‚fi
926 2322 1028 2379 quid
1045 2319 1160 2383 Ῐζιζίὶ
1183 2322 1380 2371 nunciat,

82 2400 128 2444 in
151 2398 282 2457 semet
317 2398 450 2458 ipsicm
483 2399 719 2458 religionem
752 2397 904 2455 recipit.
956 2396 1072 2438 Mihi
1105 2397 1265 2454 quidem
1298 2395 1378 2436 tsi*

74 2471 255 2531 pudium
273 2473 513 2516 nuntiatum
525 2504 543 2527 ,
555 2473 714 2531 populo
740 2470 938 2514 Romano
968 2467 1241 2524 exercituique
1268 2480 1380 2524 egre-z
