1701 3008
1272 230 1328 278 93

135 385 551 445 JOANNIS
616 385 1253 444 FREINSHEMII

47 552 1336 633 SUPPLEMENTORUM

226 703 1166 790 LIVIANORUM

470 886 772 933 LIBER
839 889 924 934 11.

191 1021 270 1074 ῚΝ
307 1031 553 1074 Locum
593 1030 1235 1081 LIB.X11L1V1.AN1‚

429 1283 966 1343 EPITOME

282 1418 528 1463 LIBRI
583 1414 1108 1461 DUODECIMI.

62 1552 147 1591 Cum
174 1547 281 1603 legati
321 1551 554 1589 Rornanorum
588 1562 610 1585 a
647 1546 772 1586 Gallis
807 1545 1000 1584 Senonibus
1032 1543 1194 1596 interfifli
1226 1542 1348 1596 efflent,

113 1613 202 1651 hello
227 1613 268 1650 ob
295 1612 335 1650 id
359 1611 482 1650 Gallis
501 1610 647 1657 indic‘lo,
670 1609 713 1647 L.
738 1608 896 1647 Caecilius
917 1619 1041 1661 praetor
1061 1621 1136 1644 curn
1161 1606 1352 1658 legionibus

113 1678 158 1715 ab
179 1677 225 1714 iis
244 1677 350 1729 caesus
372 1675 425 1728 est.
460 1674 545 1713 Cum
561 1687 584 1710 a
607 1671 808 1710 Tarentinis
831 1669 944 1720 claffis
965 1671 1128 1708 Romana
1145 1669 1278 1722 direpta
1298 1669 1351 1722 es·

107 1741 162 1793 set
176 1769 187 1788 ,
203 1738 401 1784 duumviro,
418 1736 478 1789 qui
497 1746 640 1789 prccerat
660 1732 775 1783 cluffi,
795 1733 905 1786 occtfi
916 1762 928 1779 ,
945 1731 1051 1784 legati
1075 1732 1125 1768 ad
1145 1745 1202 1768 eos
1217 1745 1239 1768 a
1247 1731 1351 1784 fina-

114 1814 172 1850 tu,
187 1796 226 1838 ut‘
240 1801 281 1838 de
295 1799 342 1838 iis
358 1798 500 1852 injuriis
522 1806 732 1849 quererentur
744 1824 755 1843 ,
772 1793 859 1844 miffi
868 1824 879 1842 ‚
890 1794 1025 1847 pulſszti
1033 1794 1129 1847 sunt.
1146 1793 1187 1830 ob
1205 1792 1245 1828 id
1255 1821 1266 1840 ,
1282 1792 1354 1829 bel-

116 1862 186 1901 lum
211 1863 258 1900 iis
285 1862 447 1898 indutum
475 1859 531 1912 est.
576 1857 752 1896 Samnites
778 1855 982 1908 defecerunt.
1020 1855 1205 1907 Adversus
1230 1868 1286 1891 eos
1316 1853 1352 1891 δ’

114 1927 276 1965 Lucanos
293 1955 305 1972 ‚
326 1923 361 1961 6³
388 1921 574 1968 Bruttios,
601 1919 635 1958 6¹
661 1919 831 1972 Etruscos
857 1918 990 1969 aliquot
1011 1915 1144 1969 proelit's
1164 1931 1186 1953 a
1200 1916 1353 1969 complu.-

117 1988 213 2025 rihus
242 1986 390 2023 ducibus
418 1986 496 2023 bene
520 1995 716 2037 pugnatum
745 1982 801 2034 est.
830 1980 992 2031 Pyrrhus
1014 1975 1241 2030 Epirotarum
1267 1992 1353 2026 rex,

119 2062 156 2087 ut
169 2048 345 2087 auxilium
357 2046 479 2100 semet
507 2045 725 2092 Tarentinis,
749 2044 786 2081 in
811 2042 954 2081 ltaliam
979 2040 1086 2077 venit.
1120 2039 1201 2078 Cum
1217 2039 1253 2076 in
1265 2053 1355 2092 prae-

111 2112 243 2163 fidium
270 2110 504 2162 Rheginorum
532 2107 622 2160 legio
653 2107 838 2157 Campana
864 2116 940 2140 cum
964 2100 1115 2154 pra'seffo
1147 2100 1262 2139 Decio
1285 2099 1356 2138 Ju-

119 2173 221 2210 bellio
247 2170 346 2224 mtff'z
371 2170 448 2223 fft
461 2201 473 2220 ,
492 2169 612 2221 occifis
636 2166 811 2220 Rheginis
830 2164 1002 2217 Rhegium
1021 2161 1219 2214 occupavit.

65 2340 95 2381 Ι.
123 2291 205 2381 Ρ.
248 2339 486 2380 CORNELIO
514 2331 743 2381 Dolabella,
772 2331 842 2372 Cn.
869 2328 1043 2371 Domitio
1070 2325 1230 2367 Calvino
1268 2336 1359 2364 con⁴

69 2397 238 2451 salibus,
268 2414 358 2441 cum
393 2401 533 2440 iterum
565 2397 702 2438 Gallici
736 2394 827 2435 belli
855 2402 974 2434 terror
1000 2391 1037 2431 se
1067 2387 1357 2430 cornmoviffet7

72 2464 290 2515 multosque
311 2464 528 2505 Tuscorum
552 2475 656 2502 arma
677 2472 767 2500 cum
791 2456 1006 2500 Senonibus
1032 2454 1175 2494 sociare
1204 2451 1361 2490 nuntia,

70 2538 192 2578 tetur,
214 2529 477 2568 Arretinorum
499 2524 715 2579 periculum
731 2523 801 2564 fibi
818 2521 980 2565 minime
1000 2516 1275 2570 negligendum
1288 2508 1361 2550 effe
