1701 3008
226 219 309 270 IN
350 189 884 268 Loe.L1ss.x1i
946 219 1096 268 mv.
1263 233 1326 286 95

87 329 156 372 ill.
177 330 254 371 Sed
276 328 403 368 minor
428 328 532 378 apud
556 326 685 368 Gallos
710 326 825 377 hujus
850 327 1017 367 victoriae
1044 325 1198 374 laetitia,
1213 339 1331 378 quam

29 393 191 444 cognito
214 391 343 443 patriae
370 390 521 429 excidio
542 389 668 429 luctus
693 398 809 440 atque
835 389 1087 429 consternatio
1110 390 1194 429 fuit.
1217 390 1328 430 Con-

29 455 163 495 traetis
195 455 259 506 qui
291 453 434 503 ubique
470 464 538 503 per
568 452 761 492 Etruriam
792 451 1012 491 militabant
1045 451 1326 503 popularibus,

33 517 214 558 homines
238 518 302 556 irae
326 528 371 556 ac
403 514 548 555 doloris
571 514 699 565 pleni,
715 513 860 552 consilii
884 514 1041 565 speique
1062 514 1225 567 inopes,
1241 526 1333 555 cum

32 581 144 621 sedes
160 611 172 630 ,
199 580 338 631 quibus
364 579 649 628 reciperentur,
674 576 798 618 nullas
825 576 982 626 usquam
1004 575 1333 627 haberent3quas1

33 644 115 684 fato
143 645 316 695 quodam
338 644 388 682 ad
421 643 581 683 exitium
610 654 676 680 eos
714 641 914 690 trahente,
941 642 1110 681 Romam
1142 641 1329 692 pergendi

32 708 195 760 capiunt
228 708 446 758 impetum:
481 721 552 745 non
579 706 682 745 aliter
697 706 823 758 patriae
840 706 916 757 fica:
939 704 1168 757 vastatoribus
1194 704 1333 757 rependi

39 770 150 810 vicem
168 768 262 822 poffi
275 799 288 816 ‚
308 783 410 822 quam
426 770 465 820 fi
480 768 593 806 urbem
614 767 764 820 ipsorum
778 767 889 818 simili
915 766 1013 805 clade
1033 765 1183 817 qffbblam
1205 763 1335 803 intueri

28 841 241 884 cogerentur,
255 844 361 882 neque
374 829 564 868 minoribus
576 829 704 867 animis
717 829 929 881 viribusque,
942 829 1053 880 causis
1067 829 1170 866 etiam
1185 827 1332 865 acriori.

31 895 99 932 bus
113 893 158 931 ab
174 892 316 931 Arretio
330 894 479 931 Romam
488 904 602 945 petere
612 908 628 940 ‚·
642 906 745 944 quam
759 890 906 945 majores
918 892 979 944 sui
1001 891 1044 928 ab
1058 890 1206 943 ejusdem
1218 889 1253 926 E
1257 902 1330 928 tru-

31 956 93 993 riae
116 955 243 1008 oppido
271 955 382 1005 Clufio
395 954 562 1007 prosebZi,
582 955 723 993 eandem
748 953 848 991 illam
866 954 979 991 urbem
997 951 1222 1005 occupaffinr.
1254 951 1326 991 His

39 1016 139 1056 inter
163 1016 201 1055 se
221 1015 380 1056 vocibus
405 1016 591 1064 instincti,
607 1024 745 1057 ruunt:
767 1024 902 1056 natura
923 1015 1164 1066 impatientes
1190 1027 1332 1064 morae,

41 1080 78 1118 &z
94 1087 199 1126 tum,
217 1087 262 1116 ut
275 1077 452 1117 incautos
479 1076 605 1117 hostes
628 1077 914 1128 opprimerent,
938 1078 1054 1116 etiam
1072 1075 1228 1115 confilio
1249 1088 1337 1126 pro-

40 1139 137 1190 peri.
167 1138 245 1179 Sed
270 1151 338 1189 per
366 1137 542 1178 hostilem
575 1138 772 1189 regionem
805 1137 1034 1178 ducentibus
1050 1167 1061 1186 ,
1087 1137 1190 1176 varia
1214 1137 1337 1187 impe-

40 1202 212 1241 dimenta
238 1201 392 1251 objeeta
423 1201 533 1241 sunt:
561 1200 804 1251 spatiumque
830 1200 927 1248 fuit,
951 1213 1027 1250 quo
1051 1199 1243 1250 provideri
1269 1199 1336 1238 ad.

39 1264 169 1304 versus
197 1263 303 1303 hunc
331 1263 542 1303 tumultum
569 1263 703 1314 poffet.

94 1327 163 1366 lv.
192 1326 249 1367 Ita
269 1327 399 1376 rejecti
415 1357 427 1375 ‚
454 1327 549 1366 dum
573 1339 640 1376 per
663 1327 794 1377 ignota
823 1326 859 1365 &
886 1323 1019 1364 infesta
1049 1325 1201 1372 omnia,
1225 1322 1333 1363 nulla

41 1397 145 1428 certa
179 1388 430 1428 destinatione
457 1397 665 1439 vagantur,
702 1386 743 1425 in
772 1386 987 1425 Domitium
1015 1385 1211 1425 consulem
1239 1385 1334 1423 inci-

42 1452 165 1492 dunt:
190 1451 437 1502 protinusque
464 1463 554 1489 cum
580 1463 625 1489 eo
656 1448 860 1488 conserunt
886 1460 1033 1487 manus.
1068 1448 1144 1488 Sed
1159 1446 1335 1487 adversus

43 1515 235 1553 rationem
265 1521 378 1563 atque
407 1511 645 1562 disciplinam
676 1510 810 1550 infelix
837 1510 1029 1549 temeritas
1059 1510 1168 1549 fuit:
1202 1508 1333 1547 occisis

42 1577 83 1616 in
107 1577 244 1628 proelio
273 1575 428 1624 multis,
451 1574 584 1625 reliqui
612 1573 875 1625 desperatione
895 1580 1010 1623 atque
1036 1571 1139 1611 rabie
1164 1570 1335 1618 accensi,

43 1640 211 1688 serrum,
233 1637 338 1689 quod
367 1636 531 1676 frustra
521 1649 560 1675 1n
585 1634 710 1675 hostes
733 1635 981 1683 strinxerant,
1008 1633 1081 1673 suis
1109 1631 1338 1686 corporibus

44 1701 313 1741 admoverunt.
347 1699 404 1740 Ita
423 1698 730 1738 florentissimam
753 1698 872 1737 modo
893 1698 1114 1746 nationem,
1137 1696 1188 1735 ob
1212 1694 1334 1734 (celus

44 1763 336 1802 interfectorum
360 1761 574 1813 legatorum
603 1769 680 1799 tam
702 1758 814 1799 velox
837 1766 992 1809 tamque
1017 1757 1222 1798 vehemens
1238 1758 1337 1798 ultio

44 1823 368 1876 comprehendit3
398 1831 440 1862 ut
466 1821 614 1873 aliquot
649 1820 835 1860 mensium
861 1819 1061 1859 intervallo
1092 1820 1245 1870 penitus
1274 1833 1339 1858 ex-

45 1887 148 1937 cisa,
173 1887 272 1925 inter
305 1895 460 1937 gentes,
493 1898 655 1936 quarum
683 1886 767 1934 jura
794 1882 1027 1930 violaverat,
1055 1883 1246 1922 numerari
1273 1883 1341 1922 de-

47 1949 160 1989 fierit.
204 1948 307 1988 Nam
337 1952 373 1988 ὁὶ
406 1961 530 1999 parvae
559 1949 756 1989 Senonum
785 1945 976 1996 reliquiae,
997 1958 1079 1996 quae
1114 1945 1163 1984 ad
1195 1945 1336 1994 Bojos,

47 2011 215 2053 vicinam
241 2014 276 2052 ὁὶ
300 2011 622 2064 consanguineam
652 2020 829 2062 gentem,
858 2009 895 2048 se
923 2016 1170 2058 receperant,
1192 2007 1334 2046 eodem

47 2090 150 2118 anno
181 2091 202 2116 a
228 2075 431 2116 Dolabella
464 2074 618 2114 consule
647 2073 908 2113 internecione
930 2070 1064 2110 deletae
1095 2069 1191 2108 sunt.
1235 2068 1335 2108 Cum

50 2137 156 2177 enim
192 2136 390 2175 atrocitate
431 2134 600 2174 cladium
637 2134 810 2180 suarum,
835 2134 871 2172 δι
907 2130 1078 2180 ejusdem
1110 2129 1337 2169 calamitatis

50 2207 182 2245 metu,
206 2197 322 2246 Bojos
349 2196 598 2247 Etruscosque
629 2194 905 2241 conciviffent,
929 2194 977 2232 ad
999 2192 1148 2238 lacum,
1169 2191 1232 2242 qui
1267 2193 1339 2229 Va·

50 2261 220 2301 dimonis
248 2259 480 2310 appellatur,
503 2271 632 2310 pugna
655 2256 852 2296 commiffa
869 2287 880 2305 .,
906 2268 1065 2306 magnus
1094 2254 1337 2294 Etruscorum

51 2334 232 2361 numerus
271 2320 386 2360 caesus
420 2321 498 2369 est,
529 2320 613 2370 Boji
643 2319 826 2371 perpauci
865 2317 1103 2367 effugerunt,
1137 2318 1331 2356 Senonum

47 2396 164 2422 omne
179 2394 323 2420 nomen
339 2382 391 2420 ita
413 2382 547 2432 periit,
577 2389 620 2420 ut
648 2393 761 2419 nemo
786 2379 972 2430 superesse
1001 2386 1196 2430 putaretur
1221 2389 1265 2416 cx
1293 2389 1333 2414 :a

52 2453 192 2496 gente,
216 2457 298 2494 quae
318 2443 483 2484 Romam
508 2444 644 2484 urbem
669 2443 903 2482 incenderat.

99 2531 124 2576 5
152 2530 207 2562 ΙΙΙ.
231 2529 316 2573 Aug.
336 2530 374 2563 de
394 2531 460 2563 civ.
486 2530 601 2573 Dei3
633 2540 668 2572 17
673 2529 846 2576 ,Appiam
867 2529 1010 2573 Eutrop.
1034 2529 1055 2562 1.
1077 2537 1110 2566 z.

153 2558 463 2620 1V.F101.1,13
488 2575 609 2622 Polyb.
