1701 3008
332 200 416 247 IN
453 199 614 247 LOC.
659 196 952 245 L113.Xv
995 198 1142 246 mv.
1308 208 1397 261 177

105 319 216 358 erant
228 342 239 360 ‚
264 323 379 361 quam
398 309 506 362 spem
524 308 668 357 futuri,
685 309 720 348 S:
735 314 906 358 apertam
923 305 972 345 ad
993 308 1139 355 majora
1156 306 1398 346 occasionem

106 381 334 425 reputante,
355 384 538 423 perquam
554 369 775 409 humaniter
798 376 957 420 accepta
980 369 1031 406 est
1046 368 1200 420 legatio.
1219 381 1295 418 quo
1315 380 1402 419 gra·

108 438 194 475 vior
222 447 315 474 mox
342 434 513 473 vindicta
552 432 626 471 fuit
658 432 698 470 in
736 429 924 481 quosdam
951 429 1094 469 ordinis
1121 428 1314 469 Senatorii
1340 429 1399 477 ju·

108 510 224 537 venes
239 529 253 544 ‚
282 497 347 548 qui
370 496 518 547 legatos
546 502 630 534 orta
653 493 901 534 contentione
921 491 1180 543 pulsaverant.

164 559 278 600 XIII.
309 560 359 610 Q.
381 558 489 597 enirn·
507 556 672 597 Fabium
693 568 817 605 neque
844 553 1081 605 magistratus
1102 554 1269 605 dignitas
1285 583 1295 603 ,
1311 553 1403 593 aedi-

108 622 260 662 litatem
280 621 382 660 enim
405 620 586 672 gerebat,
604 631 729 669 neque
755 617 902 669 generis
931 615 1148 667 amplitudo
1177 625 1300 656 tutata
1326 617 1401 664 est,

112 689 207 737 quin
230 684 537 736 Apolloniatibus
563 681 615 720 ob
643 693 728 720 eam
752 692 897 719 noxam
920 679 1136 718 dederetur.
1169 679 1331 718 Deditus
1349 677 1402 716 est

111 749 228 788 etiam
253 748 322 787 Cn.
342 746 532 797 Apronius
555 745 692 783 itidem
716 740 837 782 aedilis
853 771 865 790 ,
887 739 1138 790 ejusdemque
1161 738 1282 790 culpae
1299 752 1399 779 reus.

112 812 196 850 Hos
218 809 334 860 igitur
361 822 424 861 per
451 807 602 860 feciales
628 806 755 859 legatis
784 803 1091 858 Apolloniatarum
1116 803 1232 851 tradi,
1257 803 1404 854 quaesto-

111 885 243 924 remque
275 885 350 910 cum
378 871 436 908 his
461 869 692 920 Brundufium
724 867 772 905 ire
804 867 967 905 Senatus
994 862 1165 912 censuit,
1189 879 1232 902 ne
1257 864 1343 916 quid
1366 864 1403 900 in

112 934 233 971 itinere
254 933 380 985 legatis
398 946 420 968 a
445 931 637 969 deditorum
659 928 871 982 propinquis
894 926 1059 979 amicisve
1078 936 1264 964 noceretur.
1294 924 1405 976 Mag·

113 1009 208 1035 num
229 994 316 1034 sane
333 994 425 1034 fidei
444 992 610 1044 publicae
630 992 934 1038 documentum3
956 988 1024 1029 sed
1044 1001 1125 1028 non
1143 988 1300 1026 inferius
1315 1001 1406 1038 pru-

115 1060 278 1099 dentiae:
314 1058 403 1097 cum
436 1058 539 1096 enim
571 1056 755 1107 opinione
783 1054 934 1104 justitiae
960 1053 1162 1092 nationum
1186 1059 1406 1092 exterarum

113 1123 263 1163 animos
277 1122 326 1161 ad
341 1121 551 1160 amicitiam
564 1118 670 1158 suam
688 1116 876 1157 attrahere
893 1115 1171 1162 desiderarent3
1186 1127 1405 1166 *magnope-

113 1199 154 1225 re
180 1187 379 1232 intererat,
396 1182 553 1231 injurias
579 1194 738 1230 eorum,
761 1180 826 1231 qui
851 1179 967 1231 primi
994 1179 1043 1218 ad
1067 1177 1294 1218 societatem
1317 1179 1408 1227 jun-

116 1248 281 1299 gendam
295 1244 497 1294 venissent,
512 1257 626 1295 quam
650 1241 927 1283 accuratiffime
943 1241 1142 1280 vindicari.
1159 1253 1284 1291 neque
1299 1232 1407 1292 enim

117 1311 330 1361 quidquam
361 1308 551 1348 destinatis
579 1319 714 1346 eorum
743 1313 823 1345 tam
852 1303 1057 1343 inimicum
1088 1302 1168 1341 fieri
1195 1301 1404 1353 potuisset,

116 1385 230 1423 quam
255 1372 279 1411 {i
306 1369 547 1410 commissum
570 1367 685 1417 effet,
712 1375 754 1407 ut
779 1369 815 1407 ὃς
833 1364 1127 1417 Appolloniatas
1148 1365 1239 1404 fasti
1266 1363 1321 1404 sui
1336 1395 1347 1414 ,
1368 1366 1405 1404 δε

117 1433 215 1473 alios
243 1431 410 1483 exempli
435 1431 651 1482 poeniteret.
682 1429 805 1479 Atque
829 1427 877 1467 ab
898 1428 971 1467 hac
993 1427 1162 1466 utilitate
1184 1433 1408 1478 receptum,

120 1496 412 1545 constanterque
451 1492 590 1532 secutis
623 1493 743 1545 etiam
769 1489 1011 1541 temporibus
1038 1489 1228 1530 servatum
1261 1489 1335 1537 est,
1363 1495 1409 1527 ut

119 1556 185 1606 qui
214 1554 359 1607 legatos
389 1555 551 1594 civitatis
577 1554 705 1594 liberae
729 1552 997 1604 pulsavissent,
1015 1553 1085 1603 iis,
1111 1565 1274 1604 quorum
1299 1558 1408 1590 erant

118 1616 259 1669 legati,
288 1618 528 1657 dederentur.
570 1617 750 1657 Ceterum
781 1615 1038 1667 Apolloniatae
1062 1616 1200 1655 deditis
1228 1616 1268 1654 in
1294 1613 1407 1654 suum

119 1681 312 1732 oppidum
328 1681 530 1727 adduetis,
551 1679 637 1731 plus
661 1679 698 1718 se
723 1678 923 1718 commodi
943 1691 991 1718 ex
1015 1677 1273 1725 humanitate,
1288 1689 1406 1728 quam

119 1758 166 1783 ex
183 1745 351 1784 vindicta
366 1776 379 1793 ‚
403 1743 675 1784 consecuturos
700 1742 908 1794 prudenter
937 1741 1110 1781 arbitrati
1125 1772 1136 1791 ,
1166 1741 1328 1780 domum
1349 1739 1408 1778 in·

120 1806 294 1847 columes
325 1806 563 1847 remiserunt.

176 1871 281 1910 XIV.
304 1872 392 1911 Hoc
414 1885 514 1912 anno
538 1871 585 1912 ab
611 1878 772 1923 utroque
800 1869 956 1911 consule
973 1902 986 1918 ,
1012 1869 1090 1909 bini
1112 1866 1198 1910 sunt
1222 1866 1411 1919 triumphi

123 1933 242 1974 dueti.
281 1932 325 1972 D.
349 1933 484 1981 Junius
512 1943 600 1974 ante
635 1934 737 1973 diem
769 1934 945 1985 quintum
976 1931 1058 1973 Kal.
1086 1931 1302 1978 Oclobres,
1329 1931 1412 1971 Nu-

122 1995 264 2035 merius
291 1993 429 2034 Fabius
461 2005 547 2034 ante
583 1996 685 2035 diem
718 1996 873 2036 tertium
907 1997 1038 2036 Nonas
1073 1993 1245 2044 ejusdem
1275 1991 1411 2032 mensis

125 2057 173 2094 de
201 2054 448 2096 Sarsinatibus
476 2055 711 2096 Umbrorum
748 2056 896 2107 populo
923 2055 1235 2107 triumpharunt:
1271 2054 1411 2094 iterum

123 2115 285 2156 Kalend.
303 2115 411 2155 Febr.
434 2115 594 2163 Fabius,
620 2116 742 2157 Nonis
767 2117 926 2167 Junius,
948 2119 995 2156 de
1020 2117 1238 2158 Sallentinis
1256 2119 1292 2157 δε
1312 2114 1412 2159 Mes-

123 2178 316 2229 sapim-um
346 2187 484 2229 gente,
510 2192 593 2229 qual
622 2177 854 2219 Sallentinos
885 2178 1036 2219 accolas
1064 2180 1216 2219 auxiliis
1246 2180 1412 2229 juverat.

125 2239 162 2281 ls
190 2240 273 2281 finis
302 2254 347 2280 eo
377 2251 554 2293 tempore
589 2240 779 2281 bellorum
807 2241 1033 2285 Italicorum
1060 2243 1145 2282 fuit.
1176 2242 1277 2283 Nam
1306 2240 1413 2293 quod

126 2315 228 2341 anno
254 2302 456 2353 sequente,
484 2307 534 2354 Q.
554 2304 672 2343 fabio
700 2305 857 2356 Gurgite
880 2304 1062 2355 tertium,
1080 2304 1122 2344 L.
1147 2303 1326 2346 Mamilio
1350 2305 1415 2342 Vi-

127 2361 209 2402 tulo
235 2363 480 2415 consulibus,
509 2364 556 2405 ad
581 2365 768 2406 Vollinios
799 2367 945 2418 gestum
978 2367 1056 2418 est,
1083 2381 1162 2407 non
1189 2380 1280 2407 cum
1307 2367 1412 2416 justis

154 2486 194 2544 ἐς
221 2485 294 2520 ΧΠ.
319 2488 424 2521 strab.
443 2491 466 2523 l.
484 2501 514 2531 7.
536 2491 611 2525 [ἰν.
635 2492 723 2536 Fpit.
745 2495 765 2536 ς
787 2493 876 2529 ΧΙΙΙ.
899 2494 1045 2541 Dionys.
1068 2507 1120 2541 ap.
1145 2493 1257 2529 vales.
1279 2493 1400 2530 [0118-

130 2533 207 2571 xal.
234 2532 325 2564 Max.
345 2534 384 2574 6,
408 2534 445 2573 6,
472 2546 500 2574 5.
523 2536 558 2568 L.
582 2547 631 2577 17.
654 2538 688 2572 ff.
711 2539 749 2573 de
769 2541 834 2585 leg·

204 2580 251 2625 T.
296 2581 386 2628 Lir.
425 2585 520 2629 Vol.
558 2585 646 2630 III.
1167 2585 1217 2632 M
