<?xml version="1.0" encoding="UTF-8"?>
<!DOCTYPE html PUBLIC "-//W3C//DTD XHTML 1.0 Transitional//EN"
    "http://www.w3.org/TR/xhtml1/DTD/xhtml1-transitional.dtd">
<html xmlns="http://www.w3.org/1999/xhtml" xml:lang="en" lang="en">
 <head>
  <title>
</title>
<meta http-equiv="Content-Type" content="text/html;charset=utf-8" />
  <meta name='ocr-system' content='tesseract 3.04.00' />
  <meta name='ocr-capabilities' content='ocr_page ocr_carea ocr_par ocr_line ocrx_word'/>
</head>
<body>
  <div class='ocr_page' id='page_1' title='image "./historiarumlibri03livyuoft_0036.png"; bbox 0 0 1701 3008; ppageno 0'>
   <div class='ocr_carea' id='block_1_1' title="bbox 296 181 1208 230">
    <p class='ocr_par' dir='ltr' id='par_1_1' title="bbox 296 181 1208 230">
     <span class='ocr_line' id='line_1_1' title="bbox 296 181 1208 230; baseline 0 -1"><span class='ocrx_word' id='word_1_1' title='bbox 296 181 354 230; x_wconf 85' lang='lat'>28</span> <span class='ocrx_word' id='word_1_2' title='bbox 646 181 1208 230; x_wconf 83' lang='lat' dir='ltr'><strong>TITILIVII</strong></span> 
     </span>
    </p>
   </div>
   <div class='ocr_carea' id='block_1_2' title="bbox 284 288 1682 2550">
    <p class='ocr_par' dir='ltr' id='par_1_2' title="bbox 284 288 1682 2550">
     <span class='ocr_line' id='line_1_2' title="bbox 295 288 1590 355; baseline 0.001 -18"><span class='ocrx_word' id='word_1_3' title='bbox 295 291 448 355; x_wconf 84' lang='lat' dir='ltr'>giores</span> <span class='ocrx_word' id='word_1_4' title='bbox 464 290 627 338; x_wconf 69' lang='lat' dir='ltr'>habitae</span> <span class='ocrx_word' id='word_1_5' title='bbox 645 289 692 337; x_wconf 85' lang='lat' dir='ltr'>in</span> <span class='ocrx_word' id='word_1_6' title='bbox 711 288 896 336; x_wconf 84' lang='lat' dir='ltr'>eandem</span> <span class='ocrx_word' id='word_1_7' title='bbox 915 289 1054 336; x_wconf 83' lang='lat' dir='ltr'>ferme</span> <span class='ocrx_word' id='word_1_8' title='bbox 1075 289 1338 338; x_wconf 86' lang='lat' dir='ltr'>sententiam</span> <span class='ocrx_word' id='word_1_9' title='bbox 1349 324 1365 348; x_wconf 85' lang='lat'>,</span> <span class='ocrx_word' id='word_1_10' title='bbox 1386 290 1434 337; x_wconf 87' lang='lat' dir='ltr'>in</span> <span class='ocrx_word' id='word_1_11' title='bbox 1454 305 1590 354; x_wconf 82' lang='lat' dir='ltr'>quam</span> 
     </span>
     <span class='ocr_line' id='line_1_3' title="bbox 299 360 1675 426; baseline 0.001 -17"><span class='ocrx_word' id='word_1_12' title='bbox 299 363 419 410; x_wconf 85' lang='lat' dir='ltr'>inter</span> <span class='ocrx_word' id='word_1_13' title='bbox 435 380 605 426; x_wconf 81' lang='lat' dir='ltr'>paucos</span> <span class='ocrx_word' id='word_1_14' title='bbox 625 376 844 410; x_wconf 84' lang='lat' dir='ltr'>certatum</span> <span class='ocrx_word' id='word_1_15' title='bbox 869 360 1020 409; x_wconf 84' lang='lat' dir='ltr'>verbis</span> <span class='ocrx_word' id='word_1_16' title='bbox 1040 362 1199 411; x_wconf 84' lang='lat' dir='ltr'>fuerat.</span> <span class='ocrx_word' id='word_1_17' title='bbox 1215 365 1271 410; x_wconf 85' lang='lat' dir='ltr'>Et</span> <span class='ocrx_word' id='word_1_18' title='bbox 1286 381 1391 412; x_wconf 89' lang='lat' dir='ltr'>cum</span> <span class='ocrx_word' id='word_1_19' title='bbox 1406 364 1590 412; x_wconf 82' lang='lat' dir='ltr'>Volum·</span> <span class='ocrx_word' id='word_1_20' title='bbox 1674 413 1675 417; x_wconf 52' lang='grc'>,</span> 
     </span>
     <span class='ocr_line' id='line_1_4' title="bbox 297 423 1682 521; baseline 0.001 -38"><span class='ocrx_word' id='word_1_21' title='bbox 297 437 400 501; x_wconf 75' lang='lat' dir='ltr'>nius</span> <span class='ocrx_word' id='word_1_22' title='bbox 416 473 429 492; x_wconf 92' lang='lat'>‚</span> <span class='ocrx_word' id='word_1_23' title='bbox 447 434 575 483; x_wconf 79' lang='lat' dir='ltr'>causa</span> <span class='ocrx_word' id='word_1_24' title='bbox 594 435 795 499; x_wconf 77' lang='lat' dir='ltr'><strong>superior</strong></span> <span class='ocrx_word' id='word_1_25' title='bbox 809 472 824 493; x_wconf 90' lang='lat'><strong><em>,</em></strong></span> <span class='ocrx_word' id='word_1_26' title='bbox 843 452 898 482; x_wconf 80' lang='lat' dir='ltr'>ne</span> <span class='ocrx_word' id='word_1_27' title='bbox 927 435 1195 484; x_wconf 78' lang='lat' dir='ltr'>infacundus</span> <span class='ocrx_word' id='word_1_28' title='bbox 1217 437 1400 500; x_wconf 86' lang='lat' dir='ltr'>quidem</span> <span class='ocrx_word' id='word_1_29' title='bbox 1426 437 1591 486; x_wconf 82' lang='lat' dir='ltr'>adver-</span> <span class='ocrx_word' id='word_1_30' title='bbox 1674 423 1682 521; x_wconf 48' lang='grc' dir='ltr'><strong>Ἰ</strong></span> 
     </span>
     <span class='ocr_line' id='line_1_5' title="bbox 296 509 1678 574; baseline 0 -17"><span class='ocrx_word' id='word_1_31' title='bbox 296 510 366 557; x_wconf 82' lang='lat' dir='ltr'>sus</span> <span class='ocrx_word' id='word_1_32' title='bbox 389 509 599 556; x_wconf 79' lang='lat' dir='ltr'>eximiam</span> <span class='ocrx_word' id='word_1_33' title='bbox 618 509 930 574; x_wconf 81' lang='lat' dir='ltr'>eloquentiam</span> <span class='ocrx_word' id='word_1_34' title='bbox 948 510 1137 574; x_wconf 76' lang='lat' dir='ltr'>chlegae</span> <span class='ocrx_word' id='word_1_35' title='bbox 1156 510 1275 559; x_wconf 83' lang='lat' dir='ltr'>visus</span> <span class='ocrx_word' id='word_1_36' title='bbox 1299 513 1428 568; x_wconf 82' lang='lat' dir='ltr'>effet3</span> <span class='ocrx_word' id='word_1_37' title='bbox 1453 510 1592 559; x_wconf 77' lang='lat' dir='ltr'>cavil-</span> <span class='ocrx_word' id='word_1_38' title='bbox 1677 510 1678 514; x_wconf 69' lang='grc'>’</span> 
     </span>
     <span class='ocr_line' id='line_1_6' title="bbox 298 583 1590 650; baseline 0.001 -21"><span class='ocrx_word' id='word_1_39' title='bbox 298 583 483 647; x_wconf 79' lang='lat' dir='ltr'>lausque</span> <span class='ocrx_word' id='word_1_40' title='bbox 501 583 676 646; x_wconf 88' lang='lat' dir='ltr'>Appius</span> <span class='ocrx_word' id='word_1_41' title='bbox 693 620 707 642; x_wconf 88' lang='lat'>‚</span> <span class='ocrx_word' id='word_1_42' title='bbox 716 585 804 650; x_wconf 70' lang='lat' dir='ltr'>sthi</span> <span class='ocrx_word' id='word_1_43' title='bbox 820 602 1026 645; x_wconf 74' lang='lat' dir='ltr'><em>acceptum</em></span> <span class='ocrx_word' id='word_1_44' title='bbox 1042 585 1204 644; x_wconf 63' lang='lat' dir='ltr'><em>referre,</em></span> <span class='ocrx_word' id='word_1_45' title='bbox 1223 585 1416 644; x_wconf 84' lang='lat' dir='ltr'>diceret,</span> <span class='ocrx_word' id='word_1_46' title='bbox 1436 588 1590 642; x_wconf 81' lang='lat' dir='ltr'><em>debere,</em></span> 
     </span>
     <span class='ocr_line' id='line_1_7' title="bbox 298 658 1594 719; baseline 0.001 -16"><span class='ocrx_word' id='word_1_47' title='bbox 298 660 412 717; x_wconf 73' lang='lat' dir='ltr'><em>quod</em></span> <span class='ocrx_word' id='word_1_48' title='bbox 439 675 493 703; x_wconf 91' lang='lat' dir='ltr'>ex</span> <span class='ocrx_word' id='word_1_49' title='bbox 534 673 649 703; x_wconf 82' lang='lat' dir='ltr'><em>muto</em></span> <span class='ocrx_word' id='word_1_50' title='bbox 687 675 806 718; x_wconf 81' lang='lat' dir='ltr'><em>atque</em></span> <span class='ocrx_word' id='word_1_51' title='bbox 835 661 992 718; x_wconf 77' lang='lat' dir='ltr'>elingui</span> <span class='ocrx_word' id='word_1_52' title='bbox 1019 658 1262 717; x_wconf 79' lang='lat' dir='ltr'><em>facundum</em></span> <span class='ocrx_word' id='word_1_53' title='bbox 1292 662 1414 704; x_wconf 85' lang='lat' dir='ltr'><em>etiam</em></span> <span class='ocrx_word' id='word_1_54' title='bbox 1444 659 1594 719; x_wconf 73' lang='lat' dir='ltr'><em>consu-</em></span> 
     </span>
     <span class='ocr_line' id='line_1_8' title="bbox 295 731 1590 793; baseline -0.001 -17"><span class='ocrx_word' id='word_1_55' title='bbox 295 733 375 776; x_wconf 88' lang='lat' dir='ltr'>lem</span> <span class='ocrx_word' id='word_1_56' title='bbox 405 732 599 776; x_wconf 71' lang='lat' dir='ltr'>haberent</span> <span class='ocrx_word' id='word_1_57' title='bbox 628 748 645 776; x_wconf 89' lang='lat'><em>:</em></span> <span class='ocrx_word' id='word_1_58' title='bbox 670 732 810 791; x_wconf 80' lang='lat' dir='ltr'><em>priore</em></span> <span class='ocrx_word' id='word_1_59' title='bbox 845 731 1062 791; x_wconf 73' lang='lat' dir='ltr'><em>consulatu</em></span> <span class='ocrx_word' id='word_1_60' title='bbox 1078 766 1092 788; x_wconf 67' lang='lat'>9</span> <span class='ocrx_word' id='word_1_61' title='bbox 1110 733 1265 791; x_wconf 81' lang='lat' dir='ltr'><em>primis</em></span> <span class='ocrx_word' id='word_1_62' title='bbox 1301 734 1439 793; x_wconf 74' lang='lat' dir='ltr'><em>utique</em></span> <span class='ocrx_word' id='word_1_63' title='bbox 1471 749 1590 776; x_wconf 81' lang='lat' dir='ltr'>men-</span> 
     </span>
     <span class='ocr_line' id='line_1_9' title="bbox 284 801 1594 869; baseline -0.001 -20"><span class='ocrx_word' id='word_1_64' title='bbox 284 804 411 869; x_wconf 81' lang='lat' dir='ltr'><em>sibus</em></span> <span class='ocrx_word' id='word_1_65' title='bbox 426 839 442 860; x_wconf 93' lang='lat'><strong><em>,</em></strong></span> <span class='ocrx_word' id='word_1_66' title='bbox 471 804 620 864; x_wconf 78' lang='lat' dir='ltr'>hiscere</span> <span class='ocrx_word' id='word_1_67' title='bbox 650 823 738 850; x_wconf 87' lang='lat' dir='ltr'>eum</span> <span class='ocrx_word' id='word_1_68' title='bbox 764 801 937 866; x_wconf 79' lang='lat' dir='ltr'>nequiffe</span> <span class='ocrx_word' id='word_1_69' title='bbox 955 838 969 859; x_wconf 84' lang='lat'>‚</span> <span class='ocrx_word' id='word_1_70' title='bbox 990 821 1104 850; x_wconf 78' lang='lat' dir='ltr'><em>nune</em></span> <span class='ocrx_word' id='word_1_71' title='bbox 1123 803 1222 860; x_wconf 89' lang='lat' dir='ltr'>jam</span> <span class='ocrx_word' id='word_1_72' title='bbox 1245 807 1470 865; x_wconf 79' lang='lat' dir='ltr'><em>populares</em></span> <span class='ocrx_word' id='word_1_73' title='bbox 1500 821 1594 849; x_wconf 88' lang='lat' dir='ltr'><em>ora-</em></span> 
     </span>
     <span class='ocr_line' id='line_1_10' title="bbox 295 873 1594 939; baseline -0.001 -18"><span class='ocrx_word' id='word_1_74' title='bbox 295 879 430 921; x_wconf 82' lang='lat' dir='ltr'><em>tiones</em></span> <span class='ocrx_word' id='word_1_75' title='bbox 447 877 591 937; x_wconf 74' lang='lat' dir='ltr'><em>serere.</em></span> <span class='ocrx_word' id='word_1_76' title='bbox 649 878 791 937; x_wconf 79' lang='lat' dir='ltr'>Quam</span> <span class='ocrx_word' id='word_1_77' title='bbox 815 879 982 921; x_wconf 86' lang='lat' dir='ltr'><em>mallem</em></span> <span class='ocrx_word' id='word_1_78' title='bbox 1001 912 1014 933; x_wconf 85' lang='lat'>,</span> <span class='ocrx_word' id='word_1_79' title='bbox 1038 875 1187 939; x_wconf 79' lang='lat' dir='ltr'>inquit</span> <span class='ocrx_word' id='word_1_80' title='bbox 1215 873 1519 933; x_wconf 76' lang='lat' dir='ltr'>Volumnius,</span> <span class='ocrx_word' id='word_1_81' title='bbox 1548 891 1594 921; x_wconf 84' lang='lat' dir='ltr'>tu</span> 
     </span>
     <span class='ocr_line' id='line_1_11' title="bbox 298 949 1591 1016; baseline 0 -22"><span class='ocrx_word' id='word_1_82' title='bbox 298 969 326 995; x_wconf 85' lang='lat' dir='ltr'><em>a</em></span> <span class='ocrx_word' id='word_1_83' title='bbox 359 967 420 994; x_wconf 88' lang='lat' dir='ltr'>me</span> <span class='ocrx_word' id='word_1_84' title='bbox 439 951 600 1016; x_wconf 77' lang='lat' dir='ltr'><em>strenue</em></span> <span class='ocrx_word' id='word_1_85' title='bbox 623 949 792 1008; x_wconf 82' lang='lat' dir='ltr'><em>facere,</em></span> <span class='ocrx_word' id='word_1_86' title='bbox 817 968 940 1009; x_wconf 87' lang='lat' dir='ltr'><em>quam</em></span> <span class='ocrx_word' id='word_1_87' title='bbox 972 968 1042 1012; x_wconf 76' lang='lat' dir='ltr'>ego</span> <span class='ocrx_word' id='word_1_88' title='bbox 1074 951 1150 995; x_wconf 78' lang='lat' dir='ltr'>abs</span> <span class='ocrx_word' id='word_1_89' title='bbox 1183 965 1219 996; x_wconf 85' lang='lat' dir='ltr'>te</span> <span class='ocrx_word' id='word_1_90' title='bbox 1248 949 1353 1007; x_wconf 65' lang='lat' dir='ltr'><em>seite</em></span> <span class='ocrx_word' id='word_1_91' title='bbox 1386 951 1498 1011; x_wconf 81' lang='lat' dir='ltr'><em>loqui</em></span> <span class='ocrx_word' id='word_1_92' title='bbox 1526 951 1591 995; x_wconf 86' lang='lat' dir='ltr'>di-</span> 
     </span>
     <span class='ocr_line' id='line_1_12' title="bbox 299 1019 1595 1087; baseline 0.002 -21"><span class='ocrx_word' id='word_1_93' title='bbox 299 1019 496 1085; x_wconf 68' lang='lat' dir='ltr'><em>diciffiem.</em></span> <span class='ocrx_word' id='word_1_94' title='bbox 516 1021 722 1087; x_wconf 86' lang='lat' dir='ltr'><em>Postremo</em></span> <span class='ocrx_word' id='word_1_95' title='bbox 740 1024 1018 1067; x_wconf 77' lang='lat' dir='ltr'><em>conditionem</em></span> <span class='ocrx_word' id='word_1_96' title='bbox 1027 1021 1137 1080; x_wconf 80' lang='lat' dir='ltr'><em>serre</em></span> <span class='ocrx_word' id='word_1_97' title='bbox 1151 1056 1164 1079; x_wconf 83' lang='lat'>‚</span> <span class='ocrx_word' id='word_1_98' title='bbox 1185 1039 1271 1082; x_wconf 79' lang='lat' dir='ltr'>quae</span> <span class='ocrx_word' id='word_1_99' title='bbox 1292 1024 1497 1068; x_wconf 79' lang='lat' dir='ltr'><em>decretura</em></span> <span class='ocrx_word' id='word_1_100' title='bbox 1503 1021 1595 1085; x_wconf 73' lang='lat' dir='ltr'>fic,</span> 
     </span>
     <span class='ocr_line' id='line_1_13' title="bbox 298 1092 1594 1159; baseline 0.001 -19"><span class='ocrx_word' id='word_1_101' title='bbox 298 1114 386 1141; x_wconf 70' lang='grc' dir='ltr'>πονε</span> <span class='ocrx_word' id='word_1_102' title='bbox 422 1111 591 1149; x_wconf 78' lang='lat' dir='ltr'><em>orator,</em></span> <span class='ocrx_word' id='word_1_103' title='bbox 617 1092 778 1157; x_wconf 79' lang='lat' dir='ltr'>(neque</span> <span class='ocrx_word' id='word_1_104' title='bbox 806 1097 913 1139; x_wconf 75' lang='lat' dir='ltr'><em>euim</em></span> <span class='ocrx_word' id='word_1_105' title='bbox 939 1096 989 1141; x_wconf 84' lang='lat' dir='ltr'>id</span> <span class='ocrx_word' id='word_1_106' title='bbox 1016 1095 1238 1159; x_wconf 82' lang='lat' dir='ltr'><em>desiderare</em></span> <span class='ocrx_word' id='word_1_107' title='bbox 1263 1092 1594 1158; x_wconf 74' lang='lat' dir='ltr'>rempublicam)</span> 
     </span>
     <span class='ocr_line' id='line_1_14' title="bbox 288 1166 1595 1232; baseline 0.001 -18"><span class='ocrx_word' id='word_1_108' title='bbox 288 1168 372 1230; x_wconf 83' lang='lat' dir='ltr'>sed</span> <span class='ocrx_word' id='word_1_109' title='bbox 394 1171 617 1229; x_wconf 77' lang='lat' dir='ltr'><em>imperator</em></span> <span class='ocrx_word' id='word_1_110' title='bbox 643 1185 731 1214; x_wconf 81' lang='lat' dir='ltr'><em>uter</em></span> <span class='ocrx_word' id='word_1_111' title='bbox 743 1168 809 1232; x_wconf 82' lang='lat' dir='ltr'>stt</span> <span class='ocrx_word' id='word_1_112' title='bbox 839 1172 996 1215; x_wconf 83' lang='lat' dir='ltr'><em>melior.</em></span> <span class='ocrx_word' id='word_1_113' title='bbox 1042 1171 1264 1216; x_wconf 81' lang='lat' dir='ltr'>Etruriam</span> <span class='ocrx_word' id='word_1_114' title='bbox 1298 1166 1341 1215; x_wconf 61' lang='grc' dir='ltr'>ἂ</span> <span class='ocrx_word' id='word_1_115' title='bbox 1367 1173 1595 1215; x_wconf 85' lang='lat' dir='ltr'><em>Samnium</em></span> 
     </span>
     <span class='ocr_line' id='line_1_15' title="bbox 293 1239 1595 1305; baseline 0.002 -18"><span class='ocrx_word' id='word_1_116' title='bbox 293 1245 540 1303; x_wconf 78' lang='lat' dir='ltr'><em>provincias</em></span> <span class='ocrx_word' id='word_1_117' title='bbox 569 1239 640 1305; x_wconf 84' lang='lat' dir='ltr'>effe</span> <span class='ocrx_word' id='word_1_118' title='bbox 654 1260 671 1287; x_wconf 89' lang='lat'>.·</span> <span class='ocrx_word' id='word_1_119' title='bbox 701 1259 836 1287; x_wconf 83' lang='lat' dir='ltr'><em>utram</em></span> <span class='ocrx_word' id='word_1_120' title='bbox 857 1246 1000 1288; x_wconf 81' lang='lat' dir='ltr'><em>mallet</em></span> <span class='ocrx_word' id='word_1_121' title='bbox 1015 1278 1030 1298; x_wconf 86' lang='lat'>‚</span> <span class='ocrx_word' id='word_1_122' title='bbox 1052 1245 1223 1303; x_wconf 77' lang='lat' dir='ltr'><em>eligeret.</em></span> <span class='ocrx_word' id='word_1_123' title='bbox 1246 1243 1334 1303; x_wconf 86' lang='lat' dir='ltr'>suo</span> <span class='ocrx_word' id='word_1_124' title='bbox 1357 1245 1536 1289; x_wconf 82' lang='lat' dir='ltr'><em>exercitu</em></span> <span class='ocrx_word' id='word_1_125' title='bbox 1542 1244 1595 1304; x_wconf 78' lang='lat' dir='ltr'><em>fi</em></span> 
     </span>
     <span class='ocr_line' id='line_1_16' title="bbox 298 1314 1595 1380; baseline 0 -20"><span class='ocrx_word' id='word_1_126' title='bbox 298 1319 369 1361; x_wconf 65' lang='lat' dir='ltr'>vel</span> <span class='ocrx_word' id='word_1_127' title='bbox 381 1318 427 1360; x_wconf 82' lang='lat' dir='ltr'>in</span> <span class='ocrx_word' id='word_1_128' title='bbox 444 1317 622 1360; x_wconf 76' lang='lat' dir='ltr'><em>Etruria</em></span> <span class='ocrx_word' id='word_1_129' title='bbox 637 1350 648 1368; x_wconf 88' lang='lat'>,</span> <span class='ocrx_word' id='word_1_130' title='bbox 670 1318 737 1358; x_wconf 80' lang='lat' dir='ltr'>vel</span> <span class='ocrx_word' id='word_1_131' title='bbox 754 1316 800 1359; x_wconf 76' lang='lat' dir='ltr'>in</span> <span class='ocrx_word' id='word_1_132' title='bbox 820 1317 1000 1360; x_wconf 84' lang='lat' dir='ltr'><em>Samnio</em></span> <span class='ocrx_word' id='word_1_133' title='bbox 1023 1333 1103 1360; x_wconf 85' lang='lat' dir='ltr'>rem</span> <span class='ocrx_word' id='word_1_134' title='bbox 1118 1315 1331 1380; x_wconf 60' lang='lat' dir='ltr'><em>gesturum.</em></span> <span class='ocrx_word' id='word_1_135' title='bbox 1365 1316 1486 1362; x_wconf 79' lang='lat' dir='ltr'>Tum</span> <span class='ocrx_word' id='word_1_136' title='bbox 1506 1314 1595 1361; x_wconf 84' lang='lat' dir='ltr'>mi-</span> 
     </span>
     <span class='ocr_line' id='line_1_17' title="bbox 299 1386 1588 1450; baseline 0.002 -18"><span class='ocrx_word' id='word_1_137' title='bbox 299 1386 430 1432; x_wconf 82' lang='lat' dir='ltr'>litum</span> <span class='ocrx_word' id='word_1_138' title='bbox 460 1387 633 1432; x_wconf 76' lang='lat' dir='ltr'>clamor</span> <span class='ocrx_word' id='word_1_139' title='bbox 660 1399 812 1443; x_wconf 79' lang='lat' dir='ltr'>ortus,</span> <span class='ocrx_word' id='word_1_140' title='bbox 838 1387 1029 1450; x_wconf 75' lang='lat' dir='ltr'><em>utstmul</em></span> <span class='ocrx_word' id='word_1_141' title='bbox 1051 1390 1173 1433; x_wconf 83' lang='lat' dir='ltr'><em>ambo</em></span> <span class='ocrx_word' id='word_1_142' title='bbox 1196 1390 1345 1433; x_wconf 81' lang='lat' dir='ltr'><em>bellum</em></span> <span class='ocrx_word' id='word_1_143' title='bbox 1364 1389 1588 1449; x_wconf 75' lang='lat' dir='ltr'><em>Etrufium</em></span> 
     </span>
     <span class='ocr_line' id='line_1_18' title="bbox 288 1459 1594 1521; baseline 0.002 -17"><span class='ocrx_word' id='word_1_144' title='bbox 288 1460 561 1520; x_wconf 72' lang='lat' dir='ltr'><em>sufiiperent.</em></span> <span class='ocrx_word' id='word_1_145' title='bbox 616 1474 709 1521; x_wconf 87' lang='lat' dir='ltr'>quo</span> <span class='ocrx_word' id='word_1_146' title='bbox 751 1459 1066 1505; x_wconf 75' lang='lat' dir='ltr'>animadverso</span> <span class='ocrx_word' id='word_1_147' title='bbox 1104 1459 1353 1518; x_wconf 85' lang='lat' dir='ltr'>consensu,</span> <span class='ocrx_word' id='word_1_148' title='bbox 1392 1461 1594 1508; x_wconf 91' lang='lat' dir='ltr'>Volum-</span> 
     </span>
     <span class='ocr_line' id='line_1_19' title="bbox 301 1531 1639 1596; baseline 0.004 -18"><span class='ocrx_word' id='word_1_149' title='bbox 301 1531 404 1578; x_wconf 85' lang='lat' dir='ltr'>nius</span> <span class='ocrx_word' id='word_1_150' title='bbox 423 1569 435 1587; x_wconf 88' lang='lat'>‚</span> <span class='ocrx_word' id='word_1_151' title='bbox 475 1534 695 1593; x_wconf 76' lang='lat' dir='ltr'>Quoniam</span> <span class='ocrx_word' id='word_1_152' title='bbox 729 1536 776 1578; x_wconf 69' lang='lat' dir='ltr'>in</span> <span class='ocrx_word' id='word_1_153' title='bbox 806 1538 967 1594; x_wconf 65' lang='lat' dir='ltr'>collegae</span> <span class='ocrx_word' id='word_1_154' title='bbox 1002 1539 1216 1580; x_wconf 72' lang='lat' dir='ltr'>voluntate</span> <span class='ocrx_word' id='word_1_155' title='bbox 1251 1538 1560 1596; x_wconf 76' lang='lat' dir='ltr'><em>interpretanda</em></span> <span class='ocrx_word' id='word_1_156' title='bbox 1577 1572 1592 1595; x_wconf 90' lang='lat'><strong>‚</strong></span> <span class='ocrx_word' id='word_1_157' title='bbox 1637 1587 1639 1589; x_wconf 62' lang='grc'><strong>,</strong></span> 
     </span>
     <span class='ocr_line' id='line_1_20' title="bbox 299 1603 1593 1669; baseline 0.004 -19"><span class='ocrx_word' id='word_1_158' title='bbox 299 1603 453 1667; x_wconf 72' lang='lat' dir='ltr'>inquit</span> <span class='ocrx_word' id='word_1_159' title='bbox 470 1640 483 1661; x_wconf 93' lang='lat'>,</span> <span class='ocrx_word' id='word_1_160' title='bbox 504 1607 642 1652; x_wconf 78' lang='lat' dir='ltr'><em>erravi</em></span> <span class='ocrx_word' id='word_1_161' title='bbox 655 1624 676 1660; x_wconf 88' lang='lat'>,·</span> <span class='ocrx_word' id='word_1_162' title='bbox 699 1625 787 1651; x_wconf 75' lang='lat' dir='ltr'>non</span> <span class='ocrx_word' id='word_1_163' title='bbox 810 1610 1065 1653; x_wconf 79' lang='lat' dir='ltr'>committam</span> <span class='ocrx_word' id='word_1_164' title='bbox 1081 1644 1095 1663; x_wconf 87' lang='lat'>‚</span> <span class='ocrx_word' id='word_1_165' title='bbox 1119 1623 1191 1665; x_wconf 77' lang='lat' dir='ltr'>ut,</span> <span class='ocrx_word' id='word_1_166' title='bbox 1213 1610 1316 1669; x_wconf 80' lang='lat' dir='ltr'>quid</span> <span class='ocrx_word' id='word_1_167' title='bbox 1333 1626 1407 1654; x_wconf 83' lang='lat' dir='ltr'>vos</span> <span class='ocrx_word' id='word_1_168' title='bbox 1431 1610 1593 1665; x_wconf 73' lang='lat' dir='ltr'><em>velitis,</em></span> 
     </span>
     <span class='ocr_line' id='line_1_21' title="bbox 302 1677 1594 1742; baseline 0.005 -20"><span class='ocrx_word' id='word_1_169' title='bbox 302 1679 515 1738; x_wconf 83' lang='lat' dir='ltr'><em>obscurum</em></span> <span class='ocrx_word' id='word_1_170' title='bbox 533 1677 613 1742; x_wconf 75' lang='lat' dir='ltr'>sit.</span> <span class='ocrx_word' id='word_1_171' title='bbox 657 1697 849 1736; x_wconf 76' lang='lat' dir='ltr'>manere,</span> <span class='ocrx_word' id='word_1_172' title='bbox 881 1699 940 1726; x_wconf 79' lang='lat' dir='ltr'>an</span> <span class='ocrx_word' id='word_1_173' title='bbox 977 1683 1088 1727; x_wconf 82' lang='lat' dir='ltr'><em>abire</em></span> <span class='ocrx_word' id='word_1_174' title='bbox 1117 1700 1179 1726; x_wconf 88' lang='lat' dir='ltr'>me</span> <span class='ocrx_word' id='word_1_175' title='bbox 1221 1685 1389 1739; x_wconf 78' lang='lat' dir='ltr'>velitis,</span> <span class='ocrx_word' id='word_1_176' title='bbox 1420 1685 1594 1729; x_wconf 84' lang='lat' dir='ltr'><em>clamore</em></span> 
     </span>
     <span class='ocr_line' id='line_1_22' title="bbox 289 1748 1595 1817; baseline 0.006 -24"><span class='ocrx_word' id='word_1_177' title='bbox 289 1750 543 1817; x_wconf 51' lang='lat' dir='ltr'><em>fignificat&amp;</em></span> <span class='ocrx_word' id='word_1_178' title='bbox 583 1748 703 1795; x_wconf 92' lang='lat' dir='ltr'>Tum</span> <span class='ocrx_word' id='word_1_179' title='bbox 733 1766 849 1800; x_wconf 85' lang='lat' dir='ltr'>vero</span> <span class='ocrx_word' id='word_1_180' title='bbox 886 1763 1036 1798; x_wconf 83' lang='lat' dir='ltr'>tantus</span> <span class='ocrx_word' id='word_1_181' title='bbox 1072 1751 1133 1799; x_wconf 88' lang='lat' dir='ltr'>est</span> <span class='ocrx_word' id='word_1_182' title='bbox 1167 1752 1339 1800; x_wconf 82' lang='lat' dir='ltr'>clamor</span> <span class='ocrx_word' id='word_1_183' title='bbox 1371 1766 1556 1801; x_wconf 85' lang='lat' dir='ltr'>exortus</span> <span class='ocrx_word' id='word_1_184' title='bbox 1579 1790 1595 1813; x_wconf 88' lang='lat'>,</span> 
     </span>
     <span class='ocr_line' id='line_1_23' title="bbox 303 1823 1597 1892; baseline 0.006 -23"><span class='ocrx_word' id='word_1_185' title='bbox 303 1836 354 1870; x_wconf 89' lang='lat' dir='ltr'>ut</span> <span class='ocrx_word' id='word_1_186' title='bbox 383 1823 531 1870; x_wconf 85' lang='lat' dir='ltr'>hostes</span> <span class='ocrx_word' id='word_1_187' title='bbox 557 1840 582 1871; x_wconf 85' lang='lat' dir='ltr'>e</span> <span class='ocrx_word' id='word_1_188' title='bbox 612 1824 762 1872; x_wconf 81' lang='lat' dir='ltr'>castris</span> <span class='ocrx_word' id='word_1_189' title='bbox 790 1826 976 1875; x_wconf 85' lang='lat' dir='ltr'>exciret.</span> <span class='ocrx_word' id='word_1_190' title='bbox 1016 1828 1149 1875; x_wconf 78' lang='lat' dir='ltr'>armis</span> <span class='ocrx_word' id='word_1_191' title='bbox 1175 1829 1363 1892; x_wconf 65' lang='lat' dir='ltr'>arreptis</span> <span class='ocrx_word' id='word_1_192' title='bbox 1387 1829 1434 1877; x_wconf 89' lang='lat' dir='ltr'>in</span> <span class='ocrx_word' id='word_1_193' title='bbox 1454 1830 1597 1877; x_wconf 81' lang='lat' dir='ltr'>aciem</span> 
     </span>
     <span class='ocr_line' id='line_1_24' title="bbox 303 1895 1598 1963; baseline 0.005 -19"><span class='ocrx_word' id='word_1_194' title='bbox 303 1895 594 1944; x_wconf 80' lang='lat' dir='ltr'>descendunt.</span> <span class='ocrx_word' id='word_1_195' title='bbox 636 1898 686 1946; x_wconf 62' lang='grc' dir='ltr'>ὃς</span> <span class='ocrx_word' id='word_1_196' title='bbox 710 1897 988 1946; x_wconf 88' lang='lat' dir='ltr'>Volumnius</span> <span class='ocrx_word' id='word_1_197' title='bbox 1010 1899 1133 1963; x_wconf 80' lang='lat' dir='ltr'>figna</span> <span class='ocrx_word' id='word_1_198' title='bbox 1150 1918 1307 1948; x_wconf 86' lang='lat' dir='ltr'>canere</span> <span class='ocrx_word' id='word_1_199' title='bbox 1323 1938 1337 1961; x_wconf 84' lang='grc'>,</span> <span class='ocrx_word' id='word_1_200' title='bbox 1357 1919 1406 1949; x_wconf 88' lang='lat' dir='ltr'>ac</span> <span class='ocrx_word' id='word_1_201' title='bbox 1428 1901 1598 1950; x_wconf 83' lang='lat' dir='ltr'>vexilla</span> 
     </span>
     <span class='ocr_line' id='line_1_25' title="bbox 303 1969 1595 2035; baseline 0.002 -18"><span class='ocrx_word' id='word_1_202' title='bbox 303 1969 450 2017; x_wconf 84' lang='lat' dir='ltr'>efferri</span> <span class='ocrx_word' id='word_1_203' title='bbox 478 1986 502 2016; x_wconf 88' lang='lat' dir='ltr'>e</span> <span class='ocrx_word' id='word_1_204' title='bbox 537 1970 687 2017; x_wconf 82' lang='lat' dir='ltr'>castris</span> <span class='ocrx_word' id='word_1_205' title='bbox 708 1969 846 2033; x_wconf 40' lang='lat' dir='ltr'>juffit‘</span> <span class='ocrx_word' id='word_1_206' title='bbox 883 1972 1083 2034; x_wconf 85' lang='lat' dir='ltr'>Appium</span> <span class='ocrx_word' id='word_1_207' title='bbox 1117 1973 1388 2021; x_wconf 71' lang='lat' dir='ltr'>addubitasse</span> <span class='ocrx_word' id='word_1_208' title='bbox 1416 1973 1595 2035; x_wconf 89' lang='lat' dir='ltr'>ferunt,</span> 
     </span>
     <span class='ocr_line' id='line_1_26' title="bbox 305 2044 1598 2110; baseline 0.005 -22"><span class='ocrx_word' id='word_1_209' title='bbox 305 2054 591 2101; x_wconf 84' lang='lat' dir='ltr'>cernentem,</span> <span class='ocrx_word' id='word_1_210' title='bbox 608 2044 685 2090; x_wconf 89' lang='lat' dir='ltr'>seu</span> <span class='ocrx_word' id='word_1_211' title='bbox 710 2059 964 2109; x_wconf 82' lang='lat' dir='ltr'>pugnante,</span> <span class='ocrx_word' id='word_1_212' title='bbox 986 2045 1060 2092; x_wconf 87' lang='lat' dir='ltr'>seu</span> <span class='ocrx_word' id='word_1_213' title='bbox 1085 2047 1242 2110; x_wconf 86' lang='lat' dir='ltr'>quieto</span> <span class='ocrx_word' id='word_1_214' title='bbox 1273 2047 1344 2106; x_wconf 88' lang='lat' dir='ltr'>se,</span> <span class='ocrx_word' id='word_1_215' title='bbox 1371 2047 1473 2094; x_wconf 86' lang='lat' dir='ltr'>fore</span> <span class='ocrx_word' id='word_1_216' title='bbox 1500 2046 1598 2095; x_wconf 88' lang='lat' dir='ltr'>col-</span> 
     </span>
     <span class='ocr_line' id='line_1_27' title="bbox 303 2116 1598 2185; baseline 0.005 -23"><span class='ocrx_word' id='word_1_217' title='bbox 303 2117 413 2180; x_wconf 81' lang='lat' dir='ltr'>legae</span> <span class='ocrx_word' id='word_1_218' title='bbox 445 2116 718 2165; x_wconf 60' lang='lat' dir='ltr'>vifiloriam:</span> <span class='ocrx_word' id='word_1_219' title='bbox 752 2119 914 2167; x_wconf 81' lang='lat' dir='ltr'>deinde</span> <span class='ocrx_word' id='word_1_220' title='bbox 945 2120 1146 2167; x_wconf 84' lang='lat' dir='ltr'>veritum</span> <span class='ocrx_word' id='word_1_221' title='bbox 1164 2157 1180 2180; x_wconf 89' lang='lat'>‚</span> <span class='ocrx_word' id='word_1_222' title='bbox 1208 2138 1266 2169; x_wconf 90' lang='lat' dir='ltr'>ne</span> <span class='ocrx_word' id='word_1_223' title='bbox 1293 2120 1379 2168; x_wconf 82' lang='lat' dir='ltr'>suae</span> <span class='ocrx_word' id='word_1_224' title='bbox 1410 2137 1598 2185; x_wconf 84' lang='lat' dir='ltr'>quoque</span> 
     </span>
     <span class='ocr_line' id='line_1_28' title="bbox 306 2187 1596 2256; baseline 0.007 -25"><span class='ocrx_word' id='word_1_225' title='bbox 306 2187 508 2251; x_wconf 76' lang='lat' dir='ltr'>legiones</span> <span class='ocrx_word' id='word_1_226' title='bbox 539 2189 841 2238; x_wconf 86' lang='lat' dir='ltr'>Volumnium</span> <span class='ocrx_word' id='word_1_227' title='bbox 869 2191 1191 2255; x_wconf 74' lang='lat' dir='ltr'>sequerentur,</span> <span class='ocrx_word' id='word_1_228' title='bbox 1214 2195 1263 2240; x_wconf 91' lang='lat'>&amp;</span> <span class='ocrx_word' id='word_1_229' title='bbox 1293 2192 1437 2256; x_wconf 89' lang='lat' dir='ltr'>ipsum</span> <span class='ocrx_word' id='word_1_230' title='bbox 1468 2192 1596 2256; x_wconf 80' lang='lat' dir='ltr'>flagi-</span> 
     </span>
     <span class='ocr_line' id='line_1_29' title="bbox 307 2259 1597 2328; baseline 0.006 -24"><span class='ocrx_word' id='word_1_231' title='bbox 307 2259 506 2306; x_wconf 77' lang='lat' dir='ltr'>tantibus</span> <span class='ocrx_word' id='word_1_232' title='bbox 535 2260 621 2307; x_wconf 86' lang='lat' dir='ltr'>suis</span> <span class='ocrx_word' id='word_1_233' title='bbox 651 2262 823 2326; x_wconf 76' lang='lat' dir='ltr'>{ignum</span> <span class='ocrx_word' id='word_1_234' title='bbox 856 2265 1031 2312; x_wconf 72' lang='lat' dir='ltr'>dedisse.</span> <span class='ocrx_word' id='word_1_235' title='bbox 1083 2266 1153 2312; x_wconf 88' lang='lat' dir='ltr'>Ab</span> <span class='ocrx_word' id='word_1_236' title='bbox 1182 2276 1340 2312; x_wconf 88' lang='lat' dir='ltr'>neutra</span> <span class='ocrx_word' id='word_1_237' title='bbox 1376 2275 1501 2328; x_wconf 84' lang='lat' dir='ltr'>parte</span> <span class='ocrx_word' id='word_1_238' title='bbox 1529 2264 1597 2312; x_wconf 85' lang='lat' dir='ltr'>sa-</span> 
     </span>
     <span class='ocr_line' id='line_1_30' title="bbox 313 2331 1599 2399; baseline 0.005 -22"><span class='ocrx_word' id='word_1_239' title='bbox 313 2331 370 2378; x_wconf 88' lang='lat' dir='ltr'>tis</span> <span class='ocrx_word' id='word_1_240' title='bbox 408 2334 651 2380; x_wconf 86' lang='lat' dir='ltr'>commode</span> <span class='ocrx_word' id='word_1_241' title='bbox 699 2336 901 2383; x_wconf 72' lang='lat' dir='ltr'>instruffi</span> <span class='ocrx_word' id='word_1_242' title='bbox 946 2337 1142 2399; x_wconf 64' lang='lat' dir='ltr'>fuerunt.</span> <span class='ocrx_word' id='word_1_243' title='bbox 1194 2355 1296 2385; x_wconf 80' lang='lat' dir='ltr'>nam</span> <span class='ocrx_word' id='word_1_244' title='bbox 1337 2340 1387 2385; x_wconf 67' lang='grc' dir='ltr'>ὃς</span> <span class='ocrx_word' id='word_1_245' title='bbox 1421 2338 1599 2385; x_wconf 83' lang='lat' dir='ltr'>Samni—</span> 
     </span>
     <span class='ocr_line' id='line_1_31' title="bbox 309 2405 1597 2475; baseline 0.005 -23"><span class='ocrx_word' id='word_1_246' title='bbox 309 2405 421 2452; x_wconf 86' lang='lat' dir='ltr'>tium</span> <span class='ocrx_word' id='word_1_247' title='bbox 466 2406 557 2452; x_wconf 72' lang='lat' dir='ltr'>dux</span> <span class='ocrx_word' id='word_1_248' title='bbox 595 2408 771 2455; x_wconf 85' lang='lat' dir='ltr'>Gellius</span> <span class='ocrx_word' id='word_1_249' title='bbox 817 2412 1031 2474; x_wconf 65' lang='lat' dir='ltr'>Egnatius</span> <span class='ocrx_word' id='word_1_250' title='bbox 1072 2412 1328 2475; x_wconf 78' lang='lat' dir='ltr'>pabulatum</span> <span class='ocrx_word' id='word_1_251' title='bbox 1367 2430 1472 2459; x_wconf 86' lang='lat' dir='ltr'>cum</span> <span class='ocrx_word' id='word_1_252' title='bbox 1513 2428 1597 2459; x_wconf 80' lang='lat' dir='ltr'>co·-</span> 
     </span>
     <span class='ocr_line' id='line_1_32' title="bbox 307 2477 1596 2550; baseline 0.005 -25"><span class='ocrx_word' id='word_1_253' title='bbox 307 2477 517 2526; x_wconf 77' lang='lat' dir='ltr'>hortibus</span> <span class='ocrx_word' id='word_1_254' title='bbox 553 2479 706 2545; x_wconf 79' lang='lat' dir='ltr'>paucis</span> <span class='ocrx_word' id='word_1_255' title='bbox 738 2481 879 2540; x_wconf 54' lang='lat' dir='ltr'>ieram</span> <span class='ocrx_word' id='word_1_256' title='bbox 917 2482 1087 2550; x_wconf 88' lang='lat' dir='ltr'>suoque</span> <span class='ocrx_word' id='word_1_257' title='bbox 1124 2484 1294 2550; x_wconf 85' lang='lat' dir='ltr'>impetu</span> <span class='ocrx_word' id='word_1_258' title='bbox 1334 2483 1474 2550; x_wconf 79' lang='lat' dir='ltr'>magis</span> <span class='ocrx_word' id='word_1_259' title='bbox 1506 2483 1596 2537; x_wconf 64' lang='lat' dir='ltr'>nii-2</span> 
     </span>
    </p>
   </div>
   <div class='ocr_carea' id='block_1_3' title="bbox 1670 51 1696 1019">
    <p class='ocr_par' dir='ltr' id='par_1_3' title="bbox 1670 51 1696 1019">
     <span class='ocr_line' id='line_1_33' title="bbox 1670 51 1696 1019; baseline 0 0"><span class='ocrx_word' id='word_1_260' title='bbox 1670 51 1696 1019; x_wconf 95' lang='lat' dir='ltr'> </span> 
     </span>
    </p>
   </div>
   <div class='ocr_carea' id='block_1_4' title="bbox 1672 51 1700 1019">
    <p class='ocr_par' dir='ltr' id='par_1_4' title="bbox 1672 51 1700 1019">
     <span class='ocr_line' id='line_1_34' title="bbox 1672 51 1700 1019; baseline 0 0"><span class='ocrx_word' id='word_1_261' title='bbox 1672 51 1700 1019; x_wconf 95' lang='lat' dir='ltr'> </span> 
     </span>
    </p>
   </div>
   <div class='ocr_carea' id='block_1_5' title="bbox 1670 51 1701 1162">
    <p class='ocr_par' dir='ltr' id='par_1_5' title="bbox 1670 51 1701 1162">
     <span class='ocr_line' id='line_1_35' title="bbox 1670 51 1701 1162; baseline 0 0"><span class='ocrx_word' id='word_1_262' title='bbox 1670 51 1701 1162; x_wconf 95' lang='lat' dir='ltr'> </span> 
     </span>
    </p>
   </div>
  </div>
 </body>
</html>
