1701 3008
119 234 206 289 ³0.
219 236 441 288 Faetus,
463 239 622 290 SUPP.
641 240 704 288 IN
723 239 865 291 Loe.
886 240 934 291 L.
953 237 1052 292 xx
1066 241 1183 294 mv,
1236 258 1345 310 *307

109 346 328 386 flaminiam
343 349 516 387 munivit:
537 350 572 387 δ’
595 350 720 388 circum
746 351 958 389 Flaminium
976 354 1157 405 exstruxit.
1192 354 1345 394 Colonia}

111 412 257 449 deduffae
280 412 318 449 in
341 425 425 465 agro
443 412 485 449 de
510 411 634 450 Gallis
656 425 780 466 capto,
803 414 983 453 Placentia
1002 416 1036 454 δ’
1061 417 1234 456 Cremona.

57 571 88 615 Ῑ.
121 528 347 616 PACATA
387 576 532 616 rursum
562 576 702 626 Italia,
738 591 828 619 cum
866 578 1068 620 securitate
1104 583 1139 621 ἃ
1177 582 1342 634 imperio

58 639 178 678 etiam
205 637 424 689 voluptates
461 639 627 691 publicae
659 653 820 681 crevere.
867 643 907 682 L.
946 643 1075 683 Livius
1105 645 1347 685 Andronicus

58 698 181 738 seenae
219 698 458 750 spectacula⁷
485 714 568 750 qua:
600 700 784 741 haetenus
814 703 911 742 ultra
936 705 1109 755 Satyram
1138 719 1217 745 non
1250 721 1349 758 pro-

57 761 259 810 cesserant,
289 763 535 801 Comoediam
558 763 883 814 Tragoediamque
908 766 1127 806 Graecorum
1153 769 1349 820 imitatus,

59 826 108 863 ad
136 823 286 863 fabulas
305 823 541 873 transduxit,
559 826 599 865 C.
628 825 790 866 Claudio
809 829 856 869 A.
873 829 911 867 P.
930 828 970 868 F.
991 830 1032 869 C.
1048 831 1095 870 N.
1119 831 1320 872 Centhone
1333 863 1345 883 2

57 888 115 929 M.
139 887 368 938 Sempronio
398 887 439 929 C.
463 888 504 927 F.
523 888 580 928 M.
596 890 644 929 N.
669 890 865 930 Tuditano
892 891 1133 942 consulibus,
1156 907 1245 934 cum
1265 896 1349 935 ludi

57 951 226 992 Romani
242 951 536 993 celebrarentur.
559 953 669 992 Idem
686 968 807 994 annus
831 955 896 994 alii
917 968 1068 1006 quoque
1090 960 1218 1008 generi
1236 958 1351 998 ludo.

57 1027 145 1052 rum
161 1013 313 1052 initium
335 1014 478 1055 attulit.
512 1016 556 1055 A.
578 1017 614 1055 d.
644 1016 695 1056 IV
721 1017 912 1057 Kalendas
929 1018 1053 1068 Majas
1072 1019 1235 1059 Floralia
1261 1021 1351 1060 sunt:

55 1076 226 1116 instituta
242 1089 287 1115 ex
308 1075 502 1128 Sibyllinis
518 1077 651 1124 libris,
667 1079 716 1118 ad
741 1081 985 1119 avertendam
1008 1080 1154 1131 pestem
1176 1082 1349 1133 frugum,

58 1138 300 1187 aliorumque
316 1146 412 1177 terra
434 1138 674 1179 nascentium
691 1171 704 1187 ,
722 1154 804 1191 quae
825 1141 889 1181 illa
907 1151 1013 1192 parte
1037 1143 1125 1181 anni
1141 1143 1274 1182 florere
1292 1145 1349 1184 so--

57 1200 153 1240 lent.
193 1200 322 1240 Ludos
359 1200 517 1239 edidere
548 1201 589 1242 L.
624 1204 659 1242 ὃς
694 1203 752 1242 Μ.
781 1202 944 1242 Publicii
978 1204 1152 1244 Malleoli
1186 1206 1348 1257 fratres,

58 1264 260 1314 iidemque
284 1263 413 1303 aediles
442 1264 589 1314 plebis,
612 1278 659 1304 ex
689 1266 852 1316 pecunia
882 1265 1140 1314 muletatieia,
1167 1269 1350 1310 condem-

61 1327 163 1365 natis
188 1327 405 1376 pecuariis,
432 1327 497 1375 qui
529 1326 567 1364 in
593 1326 753 1377 publico
780 1335 975 1378 paverant.
1012 1329 1255 1380 magistratus
1279 1331 1350 1371 ho*

59 1401 146 1428 rum
175 1388 336 1428 fratrum
363 1387 439 1427 alio
470 1403 623 1440 quoque
659 1393 818 1430 nomine
854 1391 1013 1431 celebris
1042 1393 1115 1442 est,
1147 1396 1251 1444 quod
1279 1395 1352 1435 eli-

60 1466 179 1498 vum,
210 1453 276 1502 qui
309 1453 450 1492 exinde
482 1453 675 1493 Publicius
706 1464 864 1494 vocatus
898 1457 976 1505 est,
1005 1457 1250 1496 sternendum
1286 1457 1351 1497 lo·-

63 1522 270 1553 caverunt:
296 1527 373 1564 quo
402 1515 647 1554 commodius
672 1517 712 1554 in
737 1517 968 1556 Aventinum
989 1517 1057 1557 iter
1083 1519 1271 1558 vehiculis
1298 1519 1353 1559 es.

59 1576 143 1623 set,
165 1587 255 1614 cum
277 1584 388 1615 antea
409 1589 522 1627 rupes
549 1576 604 1615 ibi
627 1577 789 1618 difficilis
818 1581 853 1619 8<
879 1578 1007 1630 aspera
1036 1580 1190 1621 fuisset:
1222 1582 1352 1632 quod-

61 1652 135 1691 que
160 1639 283 1678 aedem
314 1638 434 1678 Florae
450 1670 460 1688 ,
486 1642 596 1689 juxta
626 1641 783 1680 Circum
811 1643 1022 1682 maximum
1043 1673 1053 1691 ‚
1070 1644 1321 1685 construxere.

117 1700 165 1741 Π.
196 1701 292 1741 Haec
316 1698 422 1740 domi
456 1704 549 1741 aeta.
585 1701 677 1741 foris
711 1702 790 1741 fere
824 1705 961 1753 quietae
993 1717 1050 1744 res
1084 1705 1261 1754 fuerunt,
1284 1707 1351 1745 nist

62 1762 170 1814 quod
199 1762 238 1800 in
266 1761 383 1802 Gallis
417 1765 452 1802 δε
480 1763 682 1814 Liguribus
721 1764 877 1804 consilia
909 1765 1001 1804 belli
1028 1767 1159 1816 agitari
1188 1767 1351 1818 {ii-spicio

62 1823 198 1863 tenuit.
227 1823 307 1863 Has
332 1825 447 1875 igitur
469 1827 686 1877 provincias
709 1827 929 1868 consulibus
945 1828 1076 1878 fuisse,
1093 1831 1251 1881 jamque
1268 1842 1352 1872 tum

62 1882 198 1923 bellari
222 1895 309 1922 cum
329 1883 448 1924 Gallis
466 1886 596 1937 utique
620 1887 795 1938 coepiffe,
822 1892 1050 1939 conjesturae
1067 1891 1221 1942 potius3
1236 1907 1353 1943 quam

62 1944 227 1986 historice
244 1945 316 1993 est,
334 1945 446 1986 nullis
462 1978 473 1995 ,
501 1948 564 1997 qui
581 1948 681 1999 gesta
701 1963 746 1989 ea
773 1949 859 1990 satis
884 1959 1062 1990 accurate
1089 1952 1274 2003 doceant,
1302 1968 1355 1997 et<

63 2008 250 2048 vetustate
272 2008 426 2059 reliquis
451 2009 714 2061 scriptoribus.
742 2012 783 2052 id
800 2025 921 2052 unum
945 2012 1111 2063 constat,
1132 2016 1169 2053 in
1195 2017 1354 2064 Umbria

67 2072 288 2124 Spoletium
318 2071 524 2112 Coloniam
549 2074 724 2115 Latinam
754 2075 828 2116 effe
846 2077 1065 2118 deduetam.
1092 2078 1150 2117 De
1168 2082 1352 2129 proximo

69 2147 225 2186 quoque
251 2148 352 2174 anno
380 2135 586 2185 proclivius
606 2134 656 2176 est
673 2138 822 2185 dicere,
844 2152 978 2189 pacem
1004 2152 1079 2178 non
1101 2140 1228 2188 fuiffe,
1247 2143 1354 2192 quod

65 2197 156 2245 Jani
184 2195 376 2246 templum
401 2195 569 2235 clausum
587 2210 665 2236 non
688 2199 764 2247 est,
793 2213 907 2249 quam
932 2200 1099 2239 indicare
1116 2231 1126 2248 ,
1153 2202 1291 2251 quibus
1312 2203 1354 2243 in

65 2254 189 2306 locis,
215 2273 336 2310 quave
363 2260 518 2299 fortuna
541 2260 725 2300 bellatum
753 2261 806 2301 sit.
829 2277 954 2313 neque
982 2264 1060 2303 ulla
1086 2266 1206 2304 ferme
1226 2279 1264 2305 re
1286 2280 1353 2317 no-

67 2320 142 2359 tior
171 2320 221 2359 est
251 2321 292 2361 C.
318 2323 484 2363 Mamilii
516 2325 564 2374 Q.
599 2323 640 2363 F.
669 2327 719 2376 Q.
743 2326 791 2365 N.
821 2326 985 2375 Tutini,
1010 2328 1058 2378 Q.
1084 2327 1220 2366 Valerii
1243 2331 1290 2379 Q.
1312 2329 1354 2369 F.

66 2378 109 2422 P.
138 2381 185 2420 N.
210 2378 380 2422 Faltonis
408 2384 655 2432 consulatus,
685 2397 798 2436 quam
825 2388 929 2437 quod
954 2401 1054 2427 anno
1084 2402 1129 2427 eo
1161 2400 1273 2429 natus
1302 2389 1354 2428 est

120 2507 177 2550 51.
195 2507 268 2540 Liv.
283 2517 322 2548 7,
338 2520 356 2541 2
370 2534 378 2550 ,
397 2510 428 2543 6.
450 2510 557 2556 Agell.
581 2523 640 2556 17,
654 2525 706 2548 21.
726 2513 866 2549 Cassiod.
887 2515 1013 2548 Cliton.
1030 2515 1120 2549 vell.
1145 2528 1173 2556 ι,
1199 2527 1248 2557 14.
1265 2514 1359 2551 Pl'ma

74 2548 132 2593 18,
154 2562 210 2597 ²9·
235 2551 341 2587 Ovid.
366 2553 447 2588 fast.
471 2557 493 2589 1.
520 2567 549 2598 5.
998 2607 1035 2654 V
1067 2621 1095 2652 λ
