1701 3008
270 242 354 291 IN
408 237 591 286 [οε.
643 235 1169 289 L1132X1XL1V.
1296 249 1394 299 :299

96 351 253 396 Poenus.
281 347 346 386 hie
373 360 514 398 magno
540 345 667 386 studio
696 345 736 384 id
761 342 926 395 agebat,
948 354 988 382 ut
1008 343 1168 393 Erycem
1193 340 1393 392 appulsus=

101 426 218 455 onere
246 411 392 452 levatas
427 421 568 457 naveS‚
596 408 763 459 acceptis
791 406 838 446 ab
867 403 1089 448 Hamilcare
1119 403 1395 446 strenuis-viris

102 473 338 525 compleret,
371 480 486 524 atque
510 472 558 511 fic
589 470 731 511 deinde
757 482 846 509 cum
873 468 1051 508 Romana
1073 465 1187 507 claffe
1214 465 1397 516 conflige-²

104 546 174 578 ret.
206 534 385 575 Ceterum
416 539 651 582 conceptum
679 530 829 581 optime
854 528 1054 568 confilium
1078 528 1121 574 C.
1145 527 1285 568 Lutatii
1306 539 1398 565 con-

101 596 192 638 sulis
222 594 497 645 circumspecta
532 593 739 644 prudentia
767 589 891 642 fregit.
934 591 971 631 Is
998 591 1100 629 enim
1125 589 1326 630 vietoriam
1354 590 1398 631 in

104 672 152 698 eo
178 658 377 698 conlistere
398 667 603 707 reputans,
629 654 654 694 fi
684 667 774 693 cum
801 652 913 693 classe
935 654 1037 704 gravi
1062 646 1212 703 suistlue
1234 664 1398 703 appara-

103 720 211 759 tibus
244 718 433 769 impedita
473 716 796 766 congrederetur,
821 725 909 753 ante
947 715 1050 753 diem
1077 714 1146 753 VII
1175 713 1266 754 Idus
1298 713 1400 753 Mar-

104 781 177 819 tias
195 810 206 828 ,
229 778 391 818 affumto
412 779 452 815 in
467 778 583 816 naves
611 777 764 826 optimo
786 787 939 825 quoque
962 774 1127 812 miiitum
1142 804 1152 822 ,
1168 774 1320 824 AEgates
1344 773 1400 811 in-

105 840 207 881 sulas
224 872 237 888 ‚
265 848 397 879 contra
424 837 638 889 Lilybaeum
672 838 869 886 jacentes,
897 833 1132 886 progressus,
1166 834 1400 873 Hannonem

107 903 156 943 ab
194 899 435 942 Hieronneso
465 901 686 938 venientem
723 897 940 949 conspexit.
989 898 1093 937 Tum
1125 895 1402 945 gubernatores

107 963 324 1015 militesque
347 962 522 1001 hortatus
541 990 552 1009 ‚
570 973 743 1010 pugnam
765 959 804 998 in
833 959 937 999 diem
968 958 1189 1009 sequentem
1216 957 1372 996 indixit.

161 1026 256 1067 LVI.
297 1024 479 1066 Ceterum
515 1031 596 1063 orta
629 1021 742 1070 luce,
771 1020 918 1059 rursum
953 1019 1135 1070 ambigua
1170 1017 1400 1058 consultatio

107 1089 208 1130 fuit:
241 1088 348 1139 quod
371 1094 511 1128 ventus
540 1085 639 1124 hosti
670 1084 826 1133 favens,
860 1084 1047 1131 Romanis
1073 1081 1250 1122 adversus
1279 1080 1402 1121 surre-

110 1158 230 1193 xerat.
283 1152 413 1201 Quare
444 1148 591 1199 ja’flatis
618 1147 796 1197 utrinque
827 1146 1034 1185 momentis
1063 1145 1281 1192 rationum,
1312 1157 1402 1184 cum

109 1217 233 1256 ventis
251 1218 286 1255 ἃ
306 1216 498 1256 Hannone
523 1211 604 1252 solo
630 1225 826 1263 pugnare,
849 1210 1001 1250 classem
1024 1208 1198 1248 onustam
1219 1206 1402 1255 habente,
1436 1253 1443 1268 ι

110 1280 228 1321 satius
257 1278 406 1328 visum3
436 1290 553 1328 quam
582 1277 828 1326 permittere,
855 1283 899 1314 ut
927 1273 992 1314 ille
1018 1272 1179 1312 navibus
1202 1284 1317 1311 onere
1347 1271 1404 1311 le-

111 1345 236 1392 vatis„
266 1342 400 1383 florem
429 1339 611 1392 pedestris
638 1337 810 1386 militiae,
840 1337 1044 1388 ipsumque
1073 1336 1170 1375 adeo
1198 1334 1405 1375 Hamilca-

112 1417 220 1452 rem,
246 1416 322 1454 quo
353 1401 451 1441 nihil
479 1415 525 1440 eo
563 1410 740 1452 tempore
775 1397 1058 1439 formidabilius
1095 1397 1335 1445 habebatur,
1365 1397 1405 1435 in

113 1474 309 1506 certamen
338 1463 560 1504 adduceret.
596 1462 733 1511 ltaque
767 1460 979 1511 conspectis
1014 1459 1180 1498 hostium
1215 1458 1404 1503 navibus,

116 1542 200 1580 quae
228 1527 344 1578 pleno
373 1526 480 1566 cursu
511 1527 583 1564 iter
609 1523 717 1562 suum
752 1521 1101 1574 prosequebantur,
1131 1535 1152 1561 e
1176 1529 1292 1574 portu
1320 1533 1406 1571 pro-

117 1594 310 1645 greditur,
338 1593 373 1631 Sc
398 1603 473 1641 quo
499 1589 571 1629 suis
598 1590 770 1628 animum
797 1588 977 1637 adderet,
1002 1587 1107 1638 ipse,
1128 1586 1220 1625 licet
1235 1586 1291 1624 uti
1308 1585 1408 1635 pede

116 1670 197 1696 non
226 1654 377 1707 posset,
409 1655 449 1693 in
480 1653 694 1704 praetoriam
729 1651 766 1691 sc
802 1651 1085 1702 deportandum
1125 1659 1243 1691 curat.
1298 1651 1407 1690 Poeni

119 1732 272 1771 quoque
297 1719 402 1758 viam
426 1716 492 1756 fibi
518 1714 766 1754 interclusam
793 1722 995 1753 cernentes
1011 1743 1021 1761 ,
1048 1714 1171 1752 aciem
1197 1712 1408 1761 instruunt,

119 1783 159 1823 vi
189 1779 421 1832 perrupturi.
453 1779 514 1818 Sic
536 1778 716 1828 utrinque
736 1776 840 1827 {igno
867 1776 958 1815 dato
985 1776 1120 1814 aeriter
1143 1775 1408 1821 concurritur3

119 1857 188 1895 per
217 1842 477 1882 valetudinem
512 1840 555 1881 C.
583 1839 746 1887 Lutatii,
776 1852 859 1890 quae
884 1838 1031 1877 vicibus
1063 1852 1154 1877 eum
1193 1837 1266 1878 suis
1296 1837 1409 1887 fungi

122 1903 380 1957 prohibebat,
410 1905 541 1942 omnia
567 1901 805 1954 imperatoris
831 1902 961 1940 munia
984 1901 1153 1940 obeunte
1179 1901 1226 1950 Q
1242 1898 1409 1939 Valerio.

120 1969 259 2020 Neque
292 1968 358 2007 diu
386 1977 602 2018 pugnatum
634 1966 713 2015 cst,
744 1966 838 2016 quin
864 1971 1090 2015 appareret,
1118 1971 1202 2001 utra
1225 1975 1274 2001 ex
1304 1972 1411 2012 parte

117 2029 248 2069 sutura
275 2027 365 2068 esset
388 2028 558 2068 victoria.

178 2091 291 2132 LVII.
330 2091 487 2141 Quippe
519 2103 648 2140 graves
666 2091 701 2130 ἃ
721 2088 1007 2139 propemodum
1030 2085 1252 2126 immobiles
1277 2085 1415 2125 Poeno-

121 2167 209 2195 rum
234 2166 348 2192 naves
376 2153 531 2192 arbitrio
558 2152 624 2193 suo
651 2153 833 2193 Romanae
859 2151 959 2190 leves
992 2152 1027 2190 δε
1053 2148 1242 2199 expedita:
1266 2147 1415 2187 affulta-

125 2216 246 2257 bant:
270 2217 405 2255 ceteris
426 2219 541 2255 etiam
563 2215 675 2255 rebus
700 2214 881 2254 omnibus
906 2213 1021 2263 longe
1051 2211 1274 2261 superiores.
1303 2211 1415 2261 quid-

124 2279 219 2329 quid
243 2279 346 2317 enim
365 2278 547 2317 liacffenus
571 2278 747 2316 infestum
776 2276 1150 2325 incommodumque
1179 2275 1303 2313 fuerat
1319 2304 1329 2321 ‚
1354 2286 1418 2311 ex-

125 2341 298 2397 perienta
325 2341 428 2380 dotti
459 2349 702 2379 mutaverant
729 2349 1073 2389 correxerantque:
1103 2350 1216 2378 naves
1242 2339 1290 2376 ad
1318 2336 1418 2387 opti-

127 2415 236 2444 mum
258 2401 452 2454 exemplar
481 2403 700 2444 fabricatas:
726 2415 841 2442 onera
864 2415 1001 2453 pugnae
1031 2399 1182 2440 inutilia
1214 2399 1416 2450 diligenter

179 2529 199 2555 R
227 2528 295 2560 [V.
319 2528 404 2560 Flor.
426 2540 445 2562 2
463 2555 472 2567 .
491 2540 509 2560 2
524 2556 531 2566 .
559 2540 610 2571 34.
637 2529 756 2574 Polyb.
777 2542 788 2563 ι
805 2556 813 2570 ,
838 2529 894 2562 60.
922 2529 998 2561 Liv.
1020 2539 1059 2560 γε
1079 2555 1086 2566 ,
1107 2539 1158 2567 14„
1186 2538 1238 2567 15.
1271 2525 1415 2559 Diodox,

129 2573 153 2620 ἕ
181 2573 266 2611 Ι-ΥΙ.
290 2573 433 2618 Eutrop.
455 2575 532 2610 Vax.
562 2574 658 2609 Max.
685 2587 703 2608 2
719 2600 728 2616 ‚
755 2575 795 2616 8,
819 2587 848 2609 2.
875 2574 963 2608 flor.
983 2573 1016 2607 &c
1039 2574 1159 2617 Polyb.
