1701 3008
324 250 384 302 54
672 235 1237 286 T1T1L1V11

319 359 416 404 rat,
437 347 696 393 cunEtantes
723 362 845 391 arma
872 362 1031 408 capere
1066 345 1360 410 increpabat:
1398 336 1522 410 Quid
1538 349 1620 410 cef-

309 421 482 481 fiuent,
508 418 950 480 tergiversarenturque
967 420 992 464 .>
1025 420 1195 485 Hostem
1228 422 1275 465 in
1312 420 1440 485 castra
1469 437 1620 466 ventu-

318 512 409 540 rum
425 528 439 550 ,
456 493 505 536 ni
523 511 539 537 ι
570 493 637 537 illi
655 507 777 537 extra
800 492 928 558 castra
947 490 1146 556 existent,
1167 490 1210 538 G*
1228 509 1306 553 pro
1327 495 1515 538 tentoriis
1519 493 1621 553 suis

313 582 582 630 pugnaturos
598 582 612 623 ‚·
624 566 675 630 si
697 585 777 626 pro
808 569 922 612 vallo
937 565 1108 612 nollent.
1142 569 1318 612 armatis
1336 585 1386 612 ac
1410 569 1622 612 dimican-

319 643 433 688 tibus
471 642 642 686 dubiam
682 639 898 684 viHoriam
933 637 1017 702 effe.
1064 640 1153 700 Qui
1182 642 1323 684 nudus
1355 657 1474 700 atque
1513 643 1623 686 iner-

314 717 407 763 mis
443 716 594 780 hostem
628 728 799 758 maneat
819 747 833 769 ,
871 715 907 758 ei
943 727 1020 757 aut
1052 728 1217 758 mortem
1238 747 1253 769 ‚
1284 726 1359 757 aut
1380 712 1621 772 servitutem

316 791 583 853 patiendam.
617 787 727 833 Haec
762 784 956 849 jurganti
992 784 1335 847 increpantique
1372 783 1621 847 responde-

321 864 460 911 bant:
500 864 712 923 Confeft'os
737 864 789 923 se
817 879 965 923 pugna
1006 862 1183 927 hesterna
1212 859 1286 923 effe
1306 879 1323 905 :
1358 878 1431 906 nec
1469 861 1624 905 virium

322 940 580 999 quidquam,
608 954 680 981 nec
706 932 942 996 sanguinis
962 931 1177 997 supereffeg
1212 932 1411 988 majorem
1437 935 1625 978 multitu·

324 1013 464 1056 a'inem
483 1011 655 1075 hostium
678 1025 872 1068 apparere
887 1042 900 1063 ‚
925 1025 1047 1067 quam
1058 1008 1197 1067 pridie
1217 1003 1364 1064 fuerit.
1390 1006 1509 1050 Inter
1527 1003 1624 1050 haec

322 1080 722 1144 appropinquabat
756 1095 942 1142 agmen:
983 1079 1062 1136 &,
1103 1077 1192 1140 jam
1227 1075 1441 1125 breviore
1477 1076 1621 1123 inter-

324 1156 452 1203 vallo
468 1156 661 1203 certiora
678 1155 930 1212 intuentes,
949 1153 1119 1200 vallum
1139 1152 1286 1200 secum
1304 1164 1485 1214 portare
1499 1152 1623 1198 Sam-

324 1228 469 1275 nitem
501 1228 750 1284 affirmant3
779 1243 864 1274 nec
883 1226 1072 1273 dubium
1103 1225 1188 1272 effe
1205 1260 1220 1283 ‚
1244 1224 1354 1287 quin
1376 1223 1514 1271 castra
1536 1223 1622 1271 cir-

326 1301 643 1349 cumvallaturi
672 1300 771 1347 fint.
807 1299 942 1346 Tunc
961 1333 974 1353 ‚
1003 1302 1237 1356 enimvero,
1267 1295 1455 1354 consul,
1476 1300 1624 1359 indig-

327 1394 431 1422 num
457 1375 635 1434 facinus
668 1373 744 1437 effe
763 1409 777 1431 ‚
807 1371 1093 1429 vociferari,
1126 1387 1290 1418 tantam
1333 1374 1625 1417 contumeliam

327 1452 687 1512 ignominiamque
719 1450 771 1492 ab
805 1446 1072 1509 ignaviffi'mo
1100 1447 1235 1505 accipi
1269 1444 1390 1509 hoste.
1423 1446 1626 1489 Etiamne

330 1523 747 1582 circumsedebimur,
781 1520 930 1584 inquit
948 1557 962 1579 ‚
999 1525 1046 1568 in
1077 1521 1216 1585 castris
1233 1555 1246 1576 ‚
1275 1535 1322 1566 ut
1334 1518 1457 1577 fame
1478 1521 1626 1579 potius

325 1616 405 1659 per
427 1600 707 1658 ignominiam
725 1632 739 1654 ‚
775 1616 898 1658 quam
919 1597 1064 1655 ferro,
1083 1597 1134 1661 si
1163 1592 1305 1658 neciffi
1335 1596 1415 1660 est,
1439 1613 1517 1654 per
1541 1597 1628 1639 vir-

332 1685 496 1735 tutem2
529 1671 798 1717 moriamur?
833 1672 920 1715 Dii
955 1671 1051 1714 bene
1083 1683 1276 1714 verterent
1295 1701 1308 1721 ‚
1326 1666 1592 1727 facerentque
1610 1699 1626 1722 ‚

332 1748 448 1805 quod
463 1744 513 1803 se
541 1748 712 1808 dignum
745 1746 913 1805 quifilue
946 1747 1147 1789 ducerent.
1182 1742 1401 1802 Consulem
1430 1743 1498 1789 M.
1517 1743 1626 1785 Ati-

330 1823 440 1866 lium
464 1821 683 1879 velsolum
698 1856 711 1878 ‚
727 1820 780 1884 si
801 1837 920 1864 nemo
954 1822 1066 1864 alius
1093 1818 1292 1878 sequatur
1309 1851 1324 1873 ‚
1357 1819 1514 1873 ιι’[ιινιιηι
1545 1817 1627 1860 ad·-

333 1911 406 1942 wer
423 1912 474 1940 us
503 1896 630 1960 hostes
645 1913 660 1941 .·
700 1894 965 1954 casurumque
996 1895 1103 1938 inter
1116 1893 1247 1955 signa
1265 1892 1523 1937 Samnitium
1540 1907 1626 1948 po-

331 1967 418 2014 tius
434 2001 447 2022 ,
468 1985 592 2028 quam
613 1967 917 2013 circumvallari
942 1965 1071 2030 castra
1091 1965 1292 2009 Romana
1310 1964 1462 2010 videat.
1490 1958 1627 2008 Di&a

330 2037 534 2086 consulis
565 2039 725 2103 legati,
751 2037 1041 2101 tribunique,
1063 2039 1112 2085 &
1131 2053 1289 2084 omnes
1318 2048 1474 2082 turmae
1497 2032 1629 2096 equi-

334 2124 434 2159 tum
456 2149 470 2171 ‚
501 2114 551 2160 &
577 2113 863 2160 centuriones
893 2110 1147 2174 primorum
1177 2110 1388 2158 ordinum
1406 2144 1420 2166 ‚
1454 2123 1626 2171 appro-

330 2186 516 2235 bavere.
551 2189 671 2234 Tum
690 2186 864 2249 pudore
890 2184 1037 2233 vietus
1056 2184 1183 2232 miles
1205 2183 1395 2247 segniter
1413 2198 1534 2227 arma
1556 2197 1630 2230 ca-

332 2260 430 2325 pit,
450 2260 640 2325 segniter
658 2278 681 2307 e
707 2260 856 2307 castris
877 2259 1113 2323 egreditur.
1156 2259 1299 2322 longo
1319 2257 1496 2321 agmine
1510 2293 1525 2314 ,
1543 2273 1630 2303 nec

334 2334 626 2393 continenti,
645 2334 794 2380 moesti
821 2351 872 2381 ac
891 2349 1036 2396 prope
1057 2333 1167 2379 viffi
1185 2333 1441 2395 procedunt
1467 2331 1631 2378 adver-

336 2404 408 2453 sus
435 2403 605 2450 hostem
621 2440 635 2461 ‚
658 2420 739 2452 nec
759 2404 834 2467 spe
851 2440 864 2462 ,
897 2420 981 2450 nee
1015 2404 1168 2450 animo
1199 2404 1453 2452 certiorem.
1474 2406 1630 2466 Itaque

336 2477 471 2525 fimul
511 2477 747 2540 conspetff'oe
782 2476 883 2524 sunt
918 2477 1127 2523 Romana
1162 2478 1305 2540 figna,
1340 2476 1573 2539 extemplo
1605 2493 1632 2522 a

338 2549 492 2614 primo
524 2549 792 2601 Samnitium
813 2549 988 2616 agmine
1018 2549 1075 2598 ad
1098 2549 1395 2602 noviffimum
1421 2547 1627 2597 fremitus
