1701 3008
323 192 412 238 312
489 176 583 221 Jo.
626 173 1128 220 FREINSHEMII
1168 158 1545 226 SUPPLEMss

322 283 411 323 fec'ti
440 281 640 322 adversum
668 293 688 319 a
716 281 859 319 Senatu
884 279 1106 330 responsum
1136 293 1318 333 accepere
1345 296 1354 323 :
1391 283 1501 325 fimul
1529 299 1607 327 ma-

323 346 422 394 jores
444 353 575 383 contra
602 342 708 380 hunc
734 341 946 381 tumultum
967 350 1169 393 apparatus
1194 344 1308 395 faeti,
1333 358 1496 396 quorum
1521 350 1607 389 usus

323 405 452 456 postea
490 417 569 442 non
608 403 706 451 fuit,
744 415 832 442 cum
871 403 1117 443 formidabile
1155 405 1299 446 bellum
1327 407 1403 447 {ine
1431 409 1605 450 Romano

323 468 505 518 sanguine
538 467 692 505 fortuna
724 467 958 507 confecisset.
1003 467 1105 520 Dum
1135 470 1238 507 enim
1267 468 1383 520 legati
1417 473 1605 523 redeunt,

321 530 405 578 Boji
433 542 521 567 cum
549 527 811 579 Transalpinis
839 529 991 569 auxiliis
1014 529 1096 568 acie
1122 530 1354 571 dimicavere
1370 533 1429 572 his
1450 535 1498 573 de
1522 547 1610 573 cau-

320 592 376 632 lis.
419 592 553 642 Ignara
592 589 704 640 plebe
731 590 915 639 Boiorum
950 590 1224 641 Transalpinus
1258 594 1446 633 exercitus
1475 595 1610 634 Arimi-

323 668 415 693 num
449 652 688 702 process'erat.
727 653 823 692 Inde
857 653 1087 704 suspiciones
1117 663 1237 704 ortae,
1264 668 1312 694 ne
1337 656 1385 695 ad
1410 657 1608 708 regionem

322 716 430 754 istam
459 714 526 753 {ibi
560 715 801 753 retinendam
832 715 1027 754 veniffent.
1065 723 1291 767 tantumque
1317 719 1530 758 conflatum
1558 720 1611 759 est

323 777 504 816 odiorum
521 807 531 824 ‚
552 786 597 815 ut
625 776 792 826 Regibus
820 777 894 816 suis
922 779 991 816 Ate
1008 780 1042 817 Sc
1062 777 1222 827 Galam,
1245 787 1426 830 tanquam
1448 780 1498 820 ob
1522 794 1610 832 pro-

324 838 511 878 ditionem
541 838 774 884 interfeeus‚
796 838 1028 877 advenarum
1058 839 1185 889 copias
1208 853 1298 891 agro
1322 839 1388 880 suo
1417 840 1611 893 depellere

321 902 360 942 vi
388 907 627 940 conarentur.
664 899 719 938 lta
744 913 881 951 magna
903 901 1007 940 caede
1036 909 1272 952 pugnatum:
1297 904 1332 942 &
1349 901 1461 941 valde
1483 904 1612 943 immi-

323 964 425 1004 nutis
458 961 633 1011 utrinque
658 961 827 1010 viribus,
858 962 1106 1018 Transplpini'
1129 964 1266 1003 domos
1302 965 1473 1015 rediere;
1505 967 1611 1018 Bojis

323 1025 505 1075 adempta
529 1036 612 1073 pars
644 1024 722 1074 agri
744 1037 878 1074 pacem
907 1038 927 1063 a
954 1026 1135 1065 Romanis
1164 1027 1281 1066 dedit.

378 1086 450 1126 XI.
484 1085 572 1125 Hoc
599 1084 701 1124 bello
720 1093 797 1125 tarn
821 1087 993 1126 celeriter
1015 1088 1219 1138 confecto,
1238 1088 1412 1128 consules
1436 1089 1475 1129 in
1497 1090 1611 1143 Ligu·
1654 1134 1662 1138 ,Α

260 1197 262 1200 Ι
326 1149 420 1188 riam
449 1148 612 1187 abivere.
655 1147 714 1187 Ibi
744 1148 781 1187 P.
799 1148 981 1188 Lentulus
1001 1150 1234 1200 profligatis,
1255 1151 1321 1201 qui
1344 1161 1608 1202 occurrerant,

326 1209 497 1251 hostibus
515 1240 526 1259 ,
553 1209 600 1248 de
631 1217 757 1248 cetero
783 1222 851 1259 per
880 1208 1033 1249 illorum
1063 1212 1261 1262 regionem
1291 1213 1504 1252 exercitum
1542 1214 1611 1253 eir-

326 1273 591 1321 cumducens,
622 1271 772 1310 castella
806 1272 979 1323 quaedam
1017 1273 1152 1321 armis,
1178 1272 1249 1312 alia
1277 1273 1476 1313 deditione
1509 1288 1612 1315 rece-

324 1335 394 1384 pit.
427 1335 468 1374 C.
498 1326 668 1374 Licinius
692 1335 730 1372 in
757 1333 944 1374 Corsicam
969 1336 1238 1384 transjec‘turus
1254 1365 1264 1382 ,
1282 1347 1370 1374 cum
1392 1336 1440 1375 ad
1464 1336 1613 1376 univer-

325 1396 408 1435 sum
429 1396 642 1435 exercitum
659 1409 734 1435 una
753 1397 1034 1447 deportandum
1049 1397 1197 1447 navigia
1213 1396 1382 1436 deessent
1396 1428 1406 1446 ,
1427 1398 1483 1438 Μ.
1501 1398 1612 1438 Clau-

328 1459 435 1498 dium
458 1459 631 1509 Glyciam
657 1471 744 1498 cum
773 1468 880 1510 parte
903 1461 1098 1509 copiarum
1117 1459 1304 1510 praemifit.
1345 1460 1422 1510 Qui
1446 1462 1610 1501 vanitate

324 1533 468 1560 vaecors
482 1551 492 1568 ‚
514 1533 602 1559 cum
623 1522 844 1571 perterritos
862 1522 1029 1561 adventu
1052 1521 1119 1561 suo
1149 1521 1284 1561 Corsos
1305 1521 1474 1569 vidiffet,
1489 1535 1612 1572 neque

327 1581 513 1628 consulis,
531 1583 640 1631 cujus
658 1582 834 1633 auspiciis
851 1592 1004 1622 venerat
1019 1614 1029 1632 ,
1047 1596 1171 1634 neque
1186 1583 1348 1633 suijuris
1363 1591 1428 1622 aut
1441 1583 1515 1622 loci
1533 1598 1612 1624 me.

329 1658 414 1684 mor
426 1675 436 1693 ‚
455 1644 567 1683 certis
581 1645 869 1684 conditionibus
893 1646 1023 1685 foedus
1041 1658 1131 1684 cum
1149 1645 1269 1685 Corsis
1292 1644 1359 1683 suo
1375 1646 1533 1685 nomine
1548 1660 1612 1696 pe-

325 1707 445 1759 pigst,
461 1713 643 1756 tanquam
660 1706 697 1744 in
714 1706 749 1745 se
762 1709 949 1746 traeturus
973 1707 1100 1746 insulae
1115 1714 1275 1757 receptae
1294 1705 1466 1756 gloriam.
1488 1708 1534 1747 At
1545 1708 1615 1748 Va-

328 1784 388 1809 rus
415 1783 502 1809 cum
527 1772 700 1810 exercitu
721 1770 866 1822 reliquo
891 1771 1158 1822 superveniens
1172 1802 1182 1817 ‚
1204 1770 1338 1809 frustra
1360 1769 1612 1811 Claudianam

327 1846 464 1884 pacem
489 1834 734 1882 invocantes,
751 1836 863 1874 armis
891 1848 1022 1885 urgere
1049 1847 1127 1873 non
1147 1834 1278 1882 desiit,
1297 1835 1421 1873 donec
1443 1836 1484 1873 in
1503 1843 1612 1885 pote-

328 1896 459 1935 statem
480 1898 621 1938 redacti
654 1897 749 1937 sunt.
799 1898 958 1938 Senatus
986 1897 1033 1936 ad
1060 1895 1299 1936 liberandam
1325 1897 1492 1947 perfidia:
1520 1906 1612 1937 nota

327 1959 646 2010 Rempublicam‚
664 1961 778 2000 foedae
796 1961 898 2011 pacis
918 1962 1111 1999 auetorem
1139 1959 1259 1999 Corsis
1276 1960 1496 1999 dedendum
1525 1973 1613 1998 cen-

327 2019 414 2060 suit.
453 2022 622 2071 Deinde,
645 2023 732 2073 quia
757 2030 934 2073 receptus
956 2036 1035 2062 non
1061 2029 1164 2070 erat,
1195 2022 1236 2061 in
1264 2021 1418 2075 publica
1443 2022 1619 2063 custodia.

326 2084 453 2122 ‚necari
480 2085 593 2133 juffit.

381 2145 470 2186 XII.
509 2146 691 2186 Censores
718 2148 748 2186 is
773 2161 894 2187 annus
923 2147 1058 2187 habuit
1084 2147 1124 2188 L.
1160 2147 1379 2187 Cornelium
1403 2147 1446 2186 L.
1474 2146 1515 2186 F.
1548 2146 1608 2187 Ti.

328 2207 376 2245 N.
407 2207 611 2247 Lentulum
642 2210 886 2256 Caudinum,
913 2211 961 2260 Q.
983 2211 1176 2251 Lutatium
1207 2209 1247 2248 C.
1270 2209 1310 2248 F.
1326 2209 1367 2247 C.
1395 2209 1443 2247 N.
1474 2208 1614 2248 Cerco-

329 2280 443 2315 nem,
470 2270 533 2318 qui
555 2270 709 2309 lustrum
740 2285 818 2310 non
846 2272 1124 2319 condiderunt,
1151 2272 1201 2320 Q.
1225 2269 1395 2309 Cercone
1423 2270 1461 2308 in
1497 2270 1614 2320 magi-

327 2330 439 2369 stratu
464 2341 628 2373 mortuo,
659 2335 889 2384 Quanquam
903 2335 959 2375 M.
975 2334 1157 2375 Claudius
1175 2334 1328 2373 deditus
1346 2334 1491 2381 Corsis,
1508 2334 1612 2373 dein-

379 2462 400 2503 ,ς
425 2461 465 2494 Y.
489 2463 606 2506 Polyb.
623 2476 654 2505 2,
677 2476 729 2497 21.
753 2465 876 2499 Zomr.
903 2465 999 2509 §XL
1029 2465 1097 2498 Dio
1121 2477 1173 2510 ap.
1194 2465 1305 2500 vales.
1327 2466 1451 2500 Zonar.
1470 2465 1607 2498 Ν-ὲΐῖθῗι

338 2516 394 2546 54,
411 2519 463 2547 40.
489 2509 563 2541 Vax.
590 2510 683 2543 Mam.
711 2510 742 2551 6,
768 2521 839 2553 36·
1560 2511 1562 2515 '
