1701 3008
283 203 375 252 250
449 189 539 236 JO.
590 186 1103 235 FREINSHEMII
1139 185 1500 236 SUPPLEM.

283 295 353 334 bus
378 296 415 335 id
434 296 575 346 negotii
604 294 736 333 datum
763 291 862 331 clam
888 292 1037 340 fuerat,
1064 293 1103 332 in
1139 292 1286 332 deserta
1312 295 1477 345 quadam
1497 295 1567 334 iri-

281 359 359 398 sula
389 359 546 410 expositi
576 357 771 408 relifflque
787 387 797 405 ,
821 369 909 395 cum
937 357 1061 395 omnis
1085 357 1262 396 humanae
1282 358 1364 408 opis
1389 371 1530 409 egenos
1547 390 1563 409 a

282 421 356 459 fine
378 420 568 459 alimentis
584 450 595 468 ,
620 419 696 458 fine
725 418 886 458 navibus
903 449 914 466 ,
942 431 1067 468 neque
1091 431 1245 458 manere
1268 418 1388 458 fames
1403 450 1414 467 ‚
1437 432 1561 469 neque

280 482 383 521 abire
411 481 568 532 pelagus
593 481 751 530 smeret,
783 481 892 520 foedo
923 479 1195 531 horrendoque
1228 493 1364 532 genere
1398 482 1563 530 mortis,

282 543 546 582 extabuerunt.
1026 569 1037 578 .

334 605 511 647 XXXII.
542 605 654 656 Apud
678 604 771 644 alios
804 606 975 645 auctores
1001 605 1149 644 facinus
1186 604 1262 643 hoc
1289 606 1338 644 ad
1354 604 1559 655 superiora

278 674 453 717 tempora
484 668 616 706 referri
654 668 832 718 reperio,
860 668 997 718 quibus
1030 668 1257 718 Syracusani
1288 667 1434 707 bellum
1469 680 1560 707 cum

280 730 410 769 Poenis
436 730 630 770 habuere:
659 743 877 780 nomenque
901 731 1070 770 manliffe
1093 732 1229 769 infami
1249 732 1429 782 deinceps
1452 731 1562 770 insu-

279 791 325 831 1ae
342 823 352 839 ,
377 803 420 831 ut
441 793 602 833 Ostodes
627 792 857 845 (offuariam
875 793 1067 843 possemus
1090 793 1242 846 dicere)
1267 802 1478 832 vocaretur.
1506 794 1561 833 Ea

281 855 365 904 post
382 855 579 904 Liparam‚
597 855 838 893 occidentem
864 854 990 895 versus
1007 855 1046 893 in
1069 854 1146 894 alto
1171 855 1264 894 mari
1288 855 1351 894 sita
1374 855 1435 893 est.
1463 856 1560 905 Quae

282 915 383 956 facia
410 918 762 967 quomodocunque
792 928 857 955 aut
886 930 1116 967 quocunque
1139 925 1313 968 tempore
1342 918 1560 964 evenerint,

279 991 302 1016 a
324 986 448 1018 cetera
466 979 670 1018 Poenorum
689 978 928 1016 immanitate
948 977 1043 1016 nihil
1067 977 1274 1016 abhorrens
1297 977 1452 1017 habent.
1484 978 1564 1017 Ne-

281 1054 355 1091 que
380 1042 494 1092 igitur
519 1042 735 1080 mirandum
764 1041 839 1088 est,
867 1041 931 1091 qui
959 1041 998 1079 in
1031 1040 1153 1080 socios
1181 1040 1446 1091 adjutoresque
1473 1040 1561 1080 suos

282 1103 360 1142 hoc
381 1106 513 1143 animo
540 1105 718 1152 fuerunt,
744 1104 768 1143 fi
797 1103 995 1142 adversum
1023 1103 1146 1142 hostes
1172 1103 1289 1142 iidem
1315 1103 1352 1142 se
1372 1102 1562 1154 gesserunt

283 1167 566 1208 inclementius.
593 1170 824 1219 Quanquam
844 1169 1015 1219 profesto
1044 1176 1190 1208 ceteros
1211 1169 1448 1218 captivorum
1471 1167 1560 1206 satis

282 1228 531 1268 tolerabiliter
553 1229 723 1269 habuisse
747 1230 944 1269 feruntur:
976 1229 1080 1279 quod
1105 1231 1139 1268 ἃ
1162 1229 1230 1279 ipsi
1253 1229 1391 1267 multos
1412 1240 1459 1267 ex
1483 1226 1560 1266 suis

280 1288 320 1327 in
351 1291 535 1340 potestate
558 1291 821 1331 Romanorum
850 1289 923 1328 effe
947 1289 1142 1338 sciebant,
1160 1301 1255 1340 quos
1278 1288 1560 1340 permutatione

280 1351 449 1392 instituta
478 1353 689 1404 cupiebant
713 1354 897 1403 recipere.

336 1413 530 1453 XXXIII.
562 1415 638 1454 Sed
668 1414 844 1454 adversus
868 1414 925 1454 M.
952 1412 1144 1465 Regulum
1175 1426 1299 1464 neque
1328 1412 1561 1453 abscondere

282 1476 400 1524 iram,
420 1489 543 1527 neque
569 1478 758 1517 moderari
783 1474 967 1529 potuere,
986 1478 1077 1528 quin
1103 1478 1282 1517 omnibus
1308 1477 1432 1517 modis
1450 1489 1561 1516 vexa-

281 1547 366 1577 rent
389 1540 513 1578 virum
538 1548 806 1590 angerentque,
840 1541 969 1580 cibum
999 1542 1103 1580 enim
1131 1540 1376 1592 praebebant,
1393 1553 1471 1579 non
1494 1540 1561 1591 qui

282 1600 343 1639 vel
370 1600 749 1658 voluptatispaliquid
777 1602 910 1642 afferre
940 1603 1128 1651 sensibus,
1155 1603 1214 1642 vel
1239 1604 1379 1654 vigoris
1407 1602 1565 1653 corpori.

284 1664 432 1714 poffet3
460 1665 524 1705 sed
547 1666 609 1716 qui
635 1665 850 1706 tenuiffima
875 1667 1083 1706 reseffione
1108 1666 1283 1717 spiritum
1313 1666 1475 1705 infelicis
1508 1666 1558 1705 ad

284 1726 554 1774 producendas
582 1727 664 1775 ejus
687 1725 853 1765 miserias
880 1726 1070 1766 detineret
1097 1740 1107 1766 :
1145 1735 1184 1766 at
1215 1726 1426 1765 acerbiores
1451 1733 1564 1767 erant,

281 1785 525 1825 contumeliae
547 1792 762 1836 perpetuat,
786 1786 884 1825 inter
905 1798 996 1836 quas
1026 1785 1301 1825 consueverant
1330 1786 1560 1826 creberrime

282 1845 535 1897 elephantum
554 1846 720 1897 aliquem
739 1847 929 1886 adducere
943 1878 953 1895 ,
970 1848 1079 1896 cujus
1097 1845 1241 1886 barritu
1265 1848 1465 1887 exterritus
1480 1878 1491 1897 ‚
1523 1850 1561 1888 ἅτ

283 1907 402 1947 invisa
429 1908 554 1959 specie
576 1918 698 1949 tortus
712 1940 723 1959 ‚
743 1921 816 1949 nec
837 1910 964 1949 animo
988 1922 1060 1948 nec
1085 1921 1245 1960 corpore
1270 1909 1391 1960 posset
1412 1910 1560 1960 requie-

280 1969 396 2010 scere.
426 1971 617 2020 postremo
640 1971 694 2010 ita
718 1979 955 2011 maceratum
978 1972 1287 2022 exagitatumque
1307 1972 1347 2011 in
1368 1984 1561 2012 carcerem

283 2032 484 2081 publicum
512 2035 771 2083 conjecerunt,
805 2035 901 2084 Quae
926 2034 1124 2084 postquam
1150 2034 1277 2074 audita
1299 2033 1384 2072 sunt
1400 2034 1561 2083 Romae,

283 2105 363 2131 non
381 2093 514 2134 dolore
539 2095 658 2134 modo
683 2096 855 2148 ingenti,
877 2096 941 2136 sed
966 2098 1082 2136 etiam
1101 2105 1229 2146 metu,
1257 2098 1449 2136 civitatem
1476 2110 1559 2147 per-

284 2155 471 2196 culerunt.
495 2156 719 2198 Timebatur
734 2158 852 2204 enim,
868 2170 916 2196 ne
932 2157 1258 2213 Carthaginienses
1275 2157 1479 2197 acerbitate
1498 2170 1561 2196 ca«

284 2217 500 2259 Iamitatum
521 2220 670 2259 suarum
685 2250 696 2268 ,
718 2222 753 2260 Sc
766 2222 936 2260 victoriae
950 2220 1092 2261 fiducia
1113 2220 1314 2268 stimulati,
1331 2221 1490 2260 reddere
1505 2221 1562 2259 vi*

286 2292 373 2319 cem
400 2280 596 2332 hostibus,
618 2285 652 2322 &
674 2284 767 2333 quid
794 2283 983 2323 malorum
1013 2283 1183 2334 perpessa
1210 2282 1401 2333 Carthago
1434 2282 1564 2332 foret,

285 2341 469 2381 Romanae
493 2343 578 2382 urbi
600 2344 944 2394 persentiscendum
965 2345 1054 2384 dare
1069 2352 1269 2395 cuperent,
1286 2345 1562 2394 auderentques

339 2404 530 2446 XXXIV.
557 2407 685 2456 Quare
710 2407 928 2447 consulibus
951 2407 1147 2447 mandavit
1166 2408 1348 2458 Senatus,
1363 2419 1401 2447 ιιι
1412 2407 1558 2447 Italiam

329 2519 353 2564 §
371 2518 497 2556 XXXI.
520 2520 642 2557 Zonar.
666 2521 742 2558 Liv.
765 2521 827 2565 28,
852 2532 903 2558 12.
926 2521 1028 2558 Diod.
1051 2532 1090 2566 5,
1111 2533 1164 2561 xx.
