1701 3008
284 185 1050 234 HisToatARUMLtss.
1095 185 1156 230 X.
1337 199 1393 243 41

107 295 367 361 melotibus
396 311 620 358 equorum
654 291 855 356 suspensa
885 291 1102 356 gestantes
1142 290 1314 354 capita,
1351 293 1403 339 δε

108 370 276 419 lanceis
297 367 458 427 infixa,
480 366 758 428 ovantesque
779 366 920 411 moris
944 364 1008 411 sui
1029 364 1239 411 carmine.
1262 366 1402 423 Sunt,

98 444 192 508 -qui
208 442 409 490 Umbros
440 440 562 487 fuiffe
580 475 594 497 ,
618 454 716 484 non
736 437 896 484 Gallos
917 473 931 496 ,
961 437 1167 493 tradant3
1198 454 1281 484 nec
1302 449 1404 484 tan-
1438 482 1441 485 Α

111 530 207 564 tum
245 516 382 564 cladis
418 525 682 576 acceptum:
721 513 772 558 δέ
805 511 1128 558 circumventis
1164 510 1406 573 pabulato-

110 591 235 640 ribus
274 608 375 639 cum
411 592 461 637 L.
486 586 663 634 Manlio
698 587 942 649 Torquato
972 585 1117 648 legato
1146 583 1406 649 Scipionem

112 678 444 730 propraetorem
479 660 716 714 subsidium
742 676 765 706 e
799 658 948 705 castris
980 657 1154 712 tulifl'e,
1186 657 1407 704 vistores-

113 756 201 803 que
236 737 437 786 Umbros
459 771 473 794 ,
517 733 824 796 redintegrato
860 729 1029 794 proelio
1050 766 1063 789 ,
1100 730 1248 777 victos
1288 732 1403 785 effe:

6 808 8 820 ‘
78 815 81 818 ’
115 810 414 875 captivosque
434 807 497 854 eis
526 824 577 854 ac
605 807 804 868 praedam
837 804 1071 850 ademtam.
1104 804 1301 851 Similius
1328 821 1406 851 ve-

112 903 169 933 ro
195 885 285 942 est,
320 901 343 930 a
370 881 507 929 Gallo
532 879 659 947 hoste
676 915 690 936 ‚
720 895 856 941 quam
877 877 1083 936 Umbro,
1109 894 1205 925 eam
1235 879 1405 925 cladem

115 971 378 1023 acceptam3
406 957 559 1020 quod,
593 972 696 1002 cum
727 953 840 1016 saepe
873 952 1005 1011 alias,
1040 964 1135 1000 tum
1171 970 1227 999 eo
1256 971 1407 1013 anno,

118 1034 284 1082 Gallici
308 1031 527 1079 tumultus
555 1027 810 1092 praecipuus
827 1028 974 1072 terror
996 1025 1228 1073 civitatem
1247 1028 1409 1074 tenuit.

117 1111 270 1171 Itaque
308 1118 609 1170 praeterquam
647 1100 776 1165 quod
812 1100 946 1146 ambo
979 1099 1185 1147 consules
1219 1101 1410 1163 profeffi

119 1185 176 1232 ad
205 1182 373 1231 bellum
402 1191 530 1227 erant
549 1195 652 1226 cum
682 1186 880 1240 quatuor
909 1175 1186 1240 legionibus,
1214 1178 1264 1225 &
1284 1194 1411 1241 mag-

121 1275 186 1305 no
222 1257 423 1321 equitatu
459 1258 673 1303 Romano
695 1289 708 1310 ,
741 1252 1070 1315 Campanisque
1100 1252 1222 1299 mille
1251 1254 1412 1316 equiti-

112 1334 204 1385 'bus
233 1333 411 1380 deleffis
427 1369 441 1392 ,
465 1332 521 1378 ad
538 1331 584 1377 id
603 1328 770 1376 bellum
789 1327 926 1375 mifi'is
942 1364 955 1385 ‚
988 1330 1038 1375 &
1064 1327 1292 1374 sociorum
1319 1345 1410 1373 no·-

120 1408 344 1472 minisque
382 1406 528 1454 Latini
559 1402 732 1466 majore
765 1402 996 1461 exercitu,
1026 1418 1157 1465 quam
1186 1402 1410 1459 Romani;

122 1483 199 1530 alii
232 1483 327 1529 duo
356 1482 581 1529 exercitus
611 1479 728 1526 haud
761 1476 927 1540 procul
960 1477 1070 1524 urbe
1096 1476 1285 1523 Etruriae
1322 1493 1411 1539 op-

78 1598 80 1602 ,
123 1556 286 1620 positi,
307 1573 423 1603 unus
440 1555 487 1601 in
515 1552 686 1602 Falisco
700 1589 716 1611 ,
734 1552 844 1599 alter
866 1551 914 1599 in
932 1551 1154 1598 Vaticano
1174 1567 1298 1613 agro.
1324 1551 1412 1598 Cn.

125 1631 311 1679 Fulvius
329 1633 380 1679 &
397 1631 447 1678 L.
461 1627 713 1675 Postumius
735 1625 976 1689 Megellus,
993 1634 1296 1688 propraetores
1317 1640 1414 1670 am-

126 1705 189 1752 bo
209 1740 224 1761 ‚
245 1704 406 1752 stativa
434 1703 482 1750 in
501 1702 563 1749 eis
587 1700 701 1747 locis
728 1699 890 1745 habere
909 1697 1023 1761 juffi.

193 1779 388 1825 XXVII.
416 1771 651 1823 Consules
673 1774 728 1820 ad
762 1772 938 1829 hostes,
971 1770 1233 1835 transgresso
1262 1771 1416 1833 Apen-

126 1852 240 1899 nino
261 1886 276 1909 ,
299 1850 346 1896 in
378 1867 536 1914 agrum
556 1847 830 1895 Sentinatem
850 1856 1172 1908 pervenerunt.
1211 1843 1277 1889 lbi
1306 1861 1417 1907 qua-

127 1938 234 1972 tuor
256 1923 448 1971 millium
483 1923 623 1970 ferme
651 1919 896 1968 intervallo
931 1917 1069 1966 castra
1102 1916 1275 1979 posita.⁴
1297 1920 1418 1963 Inter

128 1997 278 2045 hostes
297 1995 458 2043 deinde
475 1993 831 2043 consultationes
850 1991 1011 2039 habita:
1034 2009 1043 2036 :
1065 2002 1200 2052 atque
1224 1989 1281 2035 ita
1305 2005 1418 2035 con·

128 2071 260 2119 venit
277 2107 294 2128 ‚
315 2087 371 2116 ne
390 2069 490 2116 unis
521 2067 671 2116 castris
699 2066 992 2114 miscerentur
1017 2079 1174 2110 omnes
1192 2098 1204 2120 ,
1234 2079 1351 2109 neve
1372 2062 1419 2107 in

129 2143 271 2192 aciem
298 2141 617 2189 descenderent
643 2139 786 2187 fimul.
820 2137 1093 2185 Samnitibus
1117 2135 1270 2193 Galli,
1290 2137 1420 2181 Etru-

130 2217 214 2266 scis
247 2216 410 2264 Umbri
455 2214 628 2277 adjeffi.
677 2215 769 2260 dies
803 2213 966 2260 indiEla
999 2228 1191 2274 pugnae:
1232 2210 1419 2256 Samniti

134 2288 367 2352 Gallisque
402 2288 599 2352 delegata
630 2302 779 2350 pugna
808 2305 819 2333 :
861 2285 977 2335 inter
1011 2284 1153 2346 ipsum
1177 2295 1421 2330 'certamen

134 2362 307 2410 Etrusci
334 2362 585 2425 Umbrique
613 2359 712 2423 juffi
744 2358 880 2406 castra
910 2361 1116 2405 Romana
1145 2373 1421 2421 oppugnare.

133 2435 244 2482 Haec
264 2435 450 2482 consilia
468 2435 708 2482 turbarunt
728 2432 971 2496 transfugae
992 2431 1164 2478 Clusini
1184 2443 1288 2486 tres,
1306 2429 1421 2474 clam

133 2507 267 2555 noste
296 2507 352 2554 ad
378 2507 564 2557 Fabium
594 2506 827 2559 consulem
855 2504 1118 2570 transgressi.
1160 2501 1265 2567 qui,
1293 2497 1423 2547 editis
