1701 3008
297 204 388 267 256
454 200 542 247 π).
576 196 1086 244 FREINSHEMII
1122 196 1492 246 supprem-

298 310 359 349 die
395 319 508 358 quam
539 305 586 343 de
625 303 761 342 iisdem
798 302 866 342 Cn.
891 302 1090 342 Cornelius
1122 303 1269 343 Procos.
1299 304 1574 356 triumphasset.

351 368 485 410 XLIV.
531 365 713 404 Censores
745 377 790 402 eo
824 378 924 403 anno
954 365 1089 404 Romae
1114 365 1296 405 fuerunt:
1327 366 1391 405 sed
1420 376 1574 406 mortuo

291 434 333 484 iu
361 429 574 479 magistratu
599 427 639 466 L.
665 426 855 466 Postumio
882 427 922 466 L.
952 426 992 467 F.
1018 427 1058 469 L.
1084 428 1133 467 N.
1161 428 1357 480 Megello‚
1377 430 1444 479 qui
1470 431 1576 470 idem

296 504 499 547 praeturam
520 499 601 529 tum
626 489 806 540 gesserat,
828 491 946 529 etiam
974 490 1022 530 D.
1047 491 1182 539 Junius
1207 492 1252 531 D.
1272 492 1312 533 F.
1325 493 1371 532 D.
1394 494 1441 532 N.
1461 493 1579 542 Pera,

295 555 450 597 censura
480 553 517 592 se
543 553 750 607 abdicavit.
781 552 921 593 AEstate·
945 565 1036 592 vero
1063 555 1239 603 proxima
1267 554 1308 597 C.
1328 555 1502 595 Aurelius
1531 556 1575 596 L.

293 620 336 660 F.
368 619 410 658 C.
436 618 484 656 N.
518 616 655 663 Cotta,
682 615 720 655 P.
747 613 924 654 Servilius
956 615 998 654 C.
1023 614 1063 654 F.
1093 616 1160 654 Cn.
1180 617 1229 657 N.
1253 616 1460 666 Geminus,
1487 630 1579 656 con-

294 679 392 720 sules
406 709 418 726 ‚
434 678 474 715 in
490 676 659 717 Siciliam
675 676 859 726 profecti,
878 677 975 715 inter
997 676 1072 715 alia
1088 678 1262 727 quaedam
1284 679 1443 729 oppida,
1461 680 1577 719 etiam

292 741 494 782 Himeram
525 738 667 785 fluvio,
703 736 765 775 cui
788 737 961 786 adjacet,
989 739 1266 786 cognominem
1294 739 1490 779 obfidione
1522 752 1579 778 re-

297 809 508 854 ceperunt3
540 798 604 838 sed
634 810 794 837 vacuam
821 798 987 847 incolis,
1015 791 1111 848 quoe
1146 801 1263 839 nociu
1294 799 1579 850 Carthaginien-

296 866 352 905 ses
383 863 603 902 eduxerant.
648 860 752 908 Juvit
775 868 906 900 tamen
937 860 1013 899 loci
1049 874 1129 900 non
1163 860 1343 912 ignobilis
1375 862 1578 912 poffeffio,

298 927 478 977 quodque
508 922 634 962 deleta
660 922 710 960 fic
738 921 830 961 esset
859 923 1095 972 ignominia,
1126 936 1241 973 quam
1267 924 1580 974 Romani-nuper

298 989 347 1029 ad
380 1001 463 1026 eam
500 986 634 1024 urbem
671 986 933 1032 incurrerant,
968 986 1286 1036 occupandarum
1320 984 1578 1026 Thermarum

297 1053 415 1097 (uam
443 1050 477 1086 δε
505 1046 580 1085 hoc
610 1044 781 1094 ejusdem
812 1045 911 1084 urbis
940 1058 1083 1084 nomen
1110 1045 1356 1096 celebratur)
1383 1056 1484 1087 certa
1513 1047 1578 1099 spe

294 1123 365 1163 per
390 1107 591 1149 militarem
614 1106 808 1146 avaritiam
836 1106 1065 1146 excidendo.
1106 1107 1276 1157 Quidam
1301 1108 1401 1147 enim
1421 1122 1468 1148 ex
1491 1121 1578 1159 cap-

297 1172 384 1210 tivis
398 1201 409 1220 ‚
427 1169 487 1208 cui
509 1167 687 1208 Thermis
702 1168 872 1208 custodia
903 1176 1020 1219 portae
1047 1169 1244 1219 cuiusdam
1273 1171 1469 1211 commissa
1488 1172 1579 1211 fue-

295 1242 378 1281 rat,
407 1240 450 1272 ut
477 1231 695 1282 proditione
724 1231 827 1270 urbis
864 1230 1081 1270 libertatem
1119 1233 1323 1273 redimeret
1355 1237 1488 1286 paGtus
1522 1235 1578 1274 di.

296 1296 498 1346 missusque
518 1325 530 1343 ‚
565 1294 659 1333 hora
690 1295 890 1333 constituta
926 1295 1041 1334 miffls
1068 1295 1118 1334 ad
1146 1296 1406 1347 recipiendam
1440 1297 1578 1339 urbem

296 1358 483 1398 militibus
517 1366 667 1407 portam
697 1365 906 1406 aperuerat.
944 1356 1093 1396 Horum
1117 1359 1296 1409 praecipui
1318 1371 1407 1398 cum
1427 1359 1578 1411 ingreffi

295 1420 413 1460 effent
427 1451 439 1466 ‚
460 1419 671 1470 praedaeque
691 1419 882 1468 potiorem
906 1428 1051 1470 partem
1076 1432 1243 1460 avertere
1261 1430 1467 1473 cuperent,
1488 1438 1577 1475 por-

295 1496 364 1521 tam
391 1481 539 1535 obserari
573 1479 732 1530 jubent,
765 1482 955 1534 neminique
981 1493 1140 1534 parterm
1157 1485 1301 1536 suorum
1326 1485 1461 1522 aditum
1486 1485 1577 1524 dari.

298 1543 417 1593 Quod
454 1542 521 1580 ubi
555 1542 700 1581 facium
735 1542 812 1587 est.
846 1542 1162 1594 Thermitanique
1192 1545 1343 1595 strepitu
1378 1546 1494 1585 exciti
1525 1545 1576 1586 ad

295 1618 399 1644 arma
425 1612 721 1653 concurrerunt,
746 1617 869 1654 neque
902 1605 1063 1644 resistere
1096 1606 1146 1645 ob
1176 1609 1408 1656 paucitatem
1442 1607 1574 1656 suam,

293 1679 416 1716 neque
433 1667 607 1715 adjuvari
620 1679 641 1705 a
656 1666 746 1714 suiS,
761 1680 854 1716 quos
874 1679 1069 1706 arcuerant
1081 1699 1091 1715 ‚
1106 1667 1292 1714 valentes,
1311 1669 1471 1719 dignum
1483 1669 1573 1708 stul-

293 1729 378 1767 titia
403 1726 468 1766 sua
491 1728 635 1767 exitum
666 1728 818 1775 fecere,
846 1730 894 1768 ad
922 1742 1043 1769 unum
1068 1743 1201 1769 omnes
1225 1730 1426 1770 interfecti.

352 1790 471 1830 XLV.
497 1788 674 1829 Thermis
699 1791 983 1830 Himerenfibus
1016 1792 1055 1830 in
1074 1792 1301 1842 potestatem
1324 1793 1508 1839 redaffis,
1530 1793 1574 1833 C.

296 1849 466 1889 Aurelius
489 1849 644 1899 consul,
666 1851 865 1901 Liparam‚
887 1865 969 1901 quae
997 1854 1074 1900 jam
1104 1853 1303 1902 aliquoties
1334 1867 1355 1893 a
1386 1851 1573 1905 prioribus

300 1911 461 1951 ducibus
491 1920 633 1952 tentata
656 1913 759 1952 irrito
786 1921 925 1952 conatu
949 1913 1093 1962 fuerat,
1121 1915 1291 1954 oblidere
1319 1917 1503 1967 cogitans,
1525 1931 1573 1956 ex

298 1975 482 2014 Romanis
510 1975 651 2025 copiis,
675 1988 757 2025 quae
782 1989 854 2026 per¹
867 1976 1076 2015 universam
1107 1977 1274 2017 Siciliam
1305 1988 1434 2027 erant,
1457 1979 1576 2030 pluri-

298 2049 380 2075 mos
397 2034 687 2085 fortissimosque
705 2036 844 2075 milites
862 2037 1003 2088 delegit
1022 2051 1029 2076 :
1056 2038 1211 2088 cosque,
1231 2041 1397 2091 acceptis
1421 2041 1468 2080 ab
1485 2041 1575 2081 Hie-

298 2110 388 2136 rone
412 2097 591 2147 navibus,
619 2098 659 2136 in
688 2098 942 2148 Liparaeorum
965 2098 1125 2138 insulam
1150 2104 1314 2150 trajecit.
1346 2103 1457 2142 Unde
1482 2115 1571 2141 cum

297 2162 346 2199 ad
376 2160 543 2210 auspicia
574 2163 780 2210 repetenda
808 2161 1018 2209 Messanam
1040 2164 1228 2209 rediturus
1258 2164 1371 2212 essct,
1396 2165 1431 2204 P.
1458 2166 1572 2203 Aure-

296 2224 392 2263 lium
429 2224 672 2264 Pecuniolam
707 2234 886 2276 agnatum
917 2225 1023 2264 suum
1048 2227 1181 2277 (apud
1208 2226 1299 2264 alios*
1318 2222 1376 2276 Q.
1405 2226 1570 2267 Gallium

297 2286 491 2324 tribunum
533 2286 695 2325 militum
735 2286 853 2336 lego)
889 2286 1076 2326 obsidioni
1106 2287 1298 2336 praefecit,
1328 2301 1442 2337 opera
1471 2290 1569 2327 tueri

299 2345 522 2398 diligenter,
549 2349 597 2387 de
623 2357 748 2388 cetero
775 2348 961 2388 abstinere
984 2362 1114 2399 ⁴pugna
1131 2348 1282 2397 juffum.
1317 2350 1392 2389 Sed
1413 2352 1443 2389 is
1468 2351 1568 2400 post-

342 2475 364 2516 ς
389 2474 506 2508 XLIII.
537 2473 643 2510 Solin.
680 2488 709 2508 c.
745 2486 796 2516 30.
824 2475 966 2508 Diodor.
1003 2475 1124 2509 Zonar.
1158 2478 1297 2523 Eutrop.
1332 2478 1448 2523 Polyb.
1487 2479 1568 2512 Fasti

296 2518 444 2564 Capitol.
470 2521 493 2565 5
517 2518 638 2558 XLIV.
662 2519 779 2565 Polyb.
800 2519 941 2555 Diodor.
971 2518 1124 2557 Oroiius.
