1701 3008
234 153 315 202 IN
359 154 1131 204 Loc.1.113·.xv·111.1V.
1265 173 1356 221 ψ

80 272 218 301 norum
239 261 523 312 Sardorumque
551 261 723 311 incursu,
745 263 936 303 Hannone
958 264 1125 314 quodam
1144 264 1268 315 duce,
1292 266 1368 306 fufi-

79 322 179 363 sunt.
216 323 420 364 Censurarn
446 324 522 364 hoc
547 339 647 365 anno
675 326 714 367 C.
743 326 892 366 Duilius
921 327 1050 379 gestit,
1074 328 1234 378 Janique
1258 337 1364 368 tem-

79 384 191 435 plum
217 385 320 435 apud
346 384 470 424 forum
495 385 690 426 olitorium
718 386 860 428 struxit.
896 388 1264 440 Triumphidehinc
1283 391 1362 430 duo

78 445 260 496 spectati:
287 448 388 497 prior
415 448 456 487 C.
479 447 754 498 AquilliiFlori
784 449 1011 499 proconsule
1041 450 1088 490 de
1114 450 1238 491 Poenis
1264 464 1296 490 a.
1324 451 1361 491 d.

36 510 38 512 ’
78 506 133 548 IV
155 509 286 547 Nonas
303 508 520 557 Ocffobre33
548 508 641 548 alter
668 508 709 549 C.
727 508 887 568 Sulpicii
911 510 1076 550 consulis
1101 511 1149 551 de
1168 512 1297 554 Poenis
1326 514 1364 553 δε

80 568 233 616 Sardis,
257 583 289 609 a.
322 570 358 611 d.
394 569 450 610 III
475 572 631 611 Nonas.

0 620 109 653 χ
122 630 323 672 XXVIII.
355 631 454 671 Cum
481 632 620 670 deinde
643 631 684 671 C.
712 631 846 671 Atilius
869 632 925 672 M.
951 632 993 674 F.
1011 633 1068 675 M.
1091 634 1140 674 N.
1168 632 1364 685 Regulus,

83 695 120 734 ἃ
146 694 214 734 Cn.
239 694 437 734 Cornelius
458 694 498 736 L.
518 693 561 734 F.
578 694 645 733 Cn.
667 695 715 734 N.
739 693 856 734 Blasio
875 695 1013 734 iterum
1036 695 1208 737 consules
1226 695 1373 746 essent„

78 754 185 795 sacra
210 757 386 806 quaedam
409 756 658 806 procurandis
682 757 867 807 prodigiis
891 757 975 796 fieri
1001 757 1110 797 solita
1133 759 1291 799 Senatus
1308 758 1364 798 fa-

80 818 222 857 ciunda
246 817 416 866 censuit3
444 818 549 868 quod
576 819 615 856 in
639 818 786 861 Albano
804 829 958 866 monte,
975 818 1144 870 locisque
1167 819 1251 859 aliis
1281 819 1365 872 plu..

79 879 185 919 ribus
202 910 214 927 .,
241 888 353 930 atque
383 879 480 918 adeo
508 879 546 917 in
574 878 676 920 Urbe
705 879 806 930 ipsa,
835 879 980 931 lapides
1007 880 1224 930 frequentes
1254 893 1365 931 gran-

81 940 182 979 dinis
208 940 319 980 instar
340 940 573 981 deciderant.
615 941 767 981 Latinas
788 942 900 980 ferias
929 940 1146 990 instaurari,
1175 940 1365 991 causaque

79 1016 212 1042 earum
236 1004 464 1042 dieiatorem
486 1004 561 1042 dici
585 1004 707 1042 visum
729 1003 790 1042 est.
830 1006 880 1054 Q.
904 1002 1091 1054 Ogulnius
1118 1003 1158 1042 L.
1181 1003 1222 1041 F.
1239 1004 1283 1041 A.
1310 1003 1361 1042 N.

82 1064 215 1106 Gallus
251 1065 436 1113 diclator‚
456 1065 513 1105 M.
537 1065 717 1105 Laetorius
740 1065 795 1105 M.
822 1065 863 1104 F.
887 1065 941 1104 M.
964 1066 1011 1105 N.
1033 1063 1258 1104 Plancianus
1285 1076 1366 1102 ma-

81 1127 192 1178 gister
226 1128 399 1176 equitum
429 1126 595 1170 fuerunt.
631 1127 671 1166 C.
697 1126 858 1173 Atilius,
880 1127 943 1176 qui
973 1125 1075 1165 classi
1102 1133 1283 1176 praeerat,
1312 1124 1362 1165 ad

80 1190 347 1239 Tyndaridem
375 1189 513 1229 Siciliae
546 1201 634 1228 cum
665 1189 886 1239 appulisset,
916 1187 1067 1227 class'em
1098 1188 1277 1226 Punicam
1306 1199 1364 1225 or-

81 1251 174 1290 dine
196 1264 328 1302 parum
354 1250 564 1301 composito
594 1252 971 1301 praeternavigantem
997 1249 1258 1299 conspicatus,
1280 1249 1361 1297 ejus

79 1313 346 1365 oppugnandae
375 1312 574 1351 confilium
611 1312 734 1351 subito
762 1314 875 1363 cepit.
924 1311 1107 1361 Jussisque
1133 1309 1233 1360 sequi
1263 1318 1363 1348 cete.

78 1377 129 1416 :ris
147 1376 328 1425 navibus,
348 1375 425 1426 ipse
450 1387 539 1414 cum
564 1375 698 1415 decem
713 1406 723 1423 ,
740 1389 820 1426 quae
836 1377 965 1426 primae
990 1375 1106 1425 parari
1130 1383 1361 1425 potuerunt,

79 1440 230 1489 evolat3
258 1441 292 1479 &
319 1439 367 1478 ad
396 1439 530 1478 Poenos
557 1440 634 1486 jam
662 1438 811 1489 longius
834 1441 985 1478 evec‘kos
1010 1436 1156 1477 summa
1186 1436 1361 1477 velorum

77 1515 349 1553 remorumque
376 1502 623 1541 contentione
652 1502 785 1552 pergit.

134 1564 288 1604 XXIX.
324 1562 522 1604 Hamilcar
550 1564 588 1601 in
617 1576 658 1601 ea
687 1562 797 1602 claffe
821 1561 1053 1610 vehebatur,
1081 1574 1158 1600 non
1189 1568 1362 1601 contem-

77 1627 226 1667 nendus
257 1629 492 1678 imperator:
540 1627 605 1676 qui
634 1638 773 1675 paucas
808 1626 874 1665 fibi
905 1639 1018 1665 naves
1050 1625 1182 1664 insta're
1204 1625 1362 1673 videns,

78 1689 171 1729 alias
195 1700 305 1739 portu
333 1690 397 1729 vix
423 1688 580 1740 egressas
603 1688 698 1735 esse,
720 1701 895 1738 magnam
921 1697 1067 1738 partem
1090 1687 1298 1726 etiamnum
1321 1688 1362 1725 in

78 1752 227 1790 ancoris
263 1750 429 1800 haerere,
459 1750 639 1789 converso
667 1749 773 1788 cursu
802 1751 844 1796 C.
874 1750 1038 1790 Atilium
1065 1748 1219 1798 ejusque
1247 1759 1362 1787 naves

77 1822 163 1852 tota
179 1813 291 1852 claffe
310 1814 572 1853 circumvenit.
598 1813 862 1863 deprimuntur
883 1811 1055 1851 celeriter
1074 1824 1186 1850 naves
1204 1823 1358 1858 novem,

76 1876 217 1924 impari
246 1875 441 1915 adversum
473 1884 586 1914 tanto
612 1874 737 1925 plures
762 1875 971 1914 certamine
995 1873 1256 1924 nequidquam
1281 1885 1363 1911 orn-

76 1937 139 1976 nia
156 1945 332 1986 expertae.
363 1937 535 1976 Praetoria
555 1944 685 1975 tamen
712 1936 883 1985 meliori,
899 1949 1013 1987 quam
1037 1943 1169 1973 ceterae
1184 1934 1361 1983 fuerant,

75 2001 235 2051 remigio
264 2001 466 2050 instrucffa,
501 2001 685 2051 sociisque
719 2000 916 2040 navalibus
957 1998 1155 2050 praesentia
1199 1998 1363 2043 consulis

77 2065 279 2111 animatis
296 2066 332 2103 vi
360 2067 556 2115 perrupit,
585 2064 816 2115 salutemque
837 2065 1008 2108 invenit.
1031 2065 1110 2112 jam
1145 2063 1246 2101 enim
1275 2063 1362 2102 ade-

75 2136 160 2166 rant
187 2127 449 2167 Romanorum
476 2127 558 2167 aliae
585 2137 698 2167 naves
711 2141 901 2179 ‚quarum
938 2113 1179 2176 superventu
1196 2132 1363 2164 mutatur

76 2188 229 2227 fortuna
265 2203 425 2240 pugnae,
452 2199 676 2239 merguntur
704 2189 852 2228 Punicae
878 2199 992 2227 naves
1022 2188 1133 2234 octo,
1160 2185 1361 2236 capiuntur

77 2263 165 2290 cum
190 2251 275 2301 ipsis
296 2251 504 2302 remigibus
538 2252 699 2290 decem:
725 2251 878 2302 reliquae
903 2251 952 2291 ad
976 2250 1235 2300 Liparaeorum
1260 2247 1363 2288 insu·

76 2310 134 2350 las
161 2312 366 2351 intendunt
391 2312 553 2374 cursum.
587 2313 679 2353 Haec
705 2313 799 2352 mari
827 2311 937 2363 gesta.
974 2309 1200 2350 terrestrium
1228 2310 1361 2360 copia-

124 2436 144 2477 Ε
169 2434 311 2468 XXVII.
335 2436 457 2470 Zonar.
481 2437 565 2481 Poly
568 2441 599 2472 b.
623 2437 701 2470 Liv.
723 2437 810 2480 Epit.
836 2447 886 2477 17.
922 2436 1040 2469 Marm.
1073 2435 1221 2479 Capitol.
1244 2433 1354 2466 Tacit

83 2480 205 2514 Annal.
230 2492 262 2523 2,
283 2490 339 2524 49
363 2482 568 2526 5ΧΧΥΙΠ.
589 2481 711 2519 Ζοηευ.
735 2482 860 2527 Fragm.
885 2482 1034 2525 Capitol.
1058 2481 1178 2523 Polyb.

1054 2528 1086 2572 P
1111 2543 1141 2588 4

295 2636 320 2662 Q
