1701 3008
337 206 426 255 ιη
502 205 594 253 Jo.
643 199 1156 250 FREINSHEMH
1191 175 1548 250 SUPPLEM',

391 311 503 353 LVII.
521 312 677 359 Hanno,
691 321 907 360 quanquam
926 313 1059 347 contra
1075 307 1297 358 opinionem
1320 305 1425 346 suam
1441 318 1612 359 pugnan-

336 375 432 414 dum
460 373 528 412 fibi
552 372 699 411 videret
715 401 726 419 ,
754 370 944 420 intrepide
974 368 1188 419 congressus
1213 368 1251 406 in
1275 367 1399 408 serum
1424 369 1498 407 diei
1525 381 1613 408 am-

336 437 495 487 biguum
520 442 714 473 certamen
735 432 909 471 extraxit.
941 431 1015 471 Sed
1038 431 1233 471 Romanos
1250 432 1388 470 curatis
1413 432 1509 470 bene
1531 443 1615 469 coru

336 498 516 549 poribus,
544 497 592 536 ad
618 508 785 547 pugnam
815 503 1073 546 praeparatos,
1097 494 1228 544 aestus,
1255 494 1356 544 fitis,
1380 494 1512 543 labor,
1536 507 1615 532 non

337 571 443 609 aeque
470 556 681 608 fatigabat:
707 554 1021 608 Carthaginiensis
1048 565 1177 612 autem
1200 556 1304 602 ‚acies
1331 564 1418 595 ante
1441 553 1617 595 commis-

335 620 420 660 sum
448 619 630 671 proelium
660 620 785 659 inedia
816 620 851 659 ἃ
873 618 1006 658 stando
1035 619 1122 658 feffa
1139 650 1150 668 ,
1179 627 1321 669 quanto
1345 619 1497 669 longius
1524 632 1639 669 pro-,

335 681 556 721 trahebatur
586 680 810 729 dimicatio,
844 679 1106 719 fatiscentibus
1149 680 1372 730 corporibus
1407 681 1531 719 minus
1566 678 1616 720 ad

336 742 578 782 resistendum
608 741 746 781 virium
765 739 943 780 habebat.
973 740 1163 780 Postremo
1194 741 1452 781 conductitius
1481 741 1614 790 miles,

335 806 467 857 quiin
496 804 617 855 prima
642 804 770 843 fronte
802 803 1027 854 pugnabat,
1058 804 1200 843 diutius
1232 804 1409 843 sustinere
1444 803 1616 844 laborem

336 880 420 908 non
449 866 603 916 potuit3
625 877 749 914 neque
771 863 894 903 solum
920 864 1000 915 ipse
1027 864 1131 903 cessit
1153 864 1262 915 loco,
1282 866 1347 905 sed
1370 868 1407 904 in
1437 866 1619 916 clepham-

339 939 469 970 torum
491 941 626 979 agmen
642 958 652 976 ,
676 929 710 967 Sc
737 926 831 966 aiios
859 940 881 966 a
906 935 1013 979 tergo
1034 928 1171 967 stantes
1200 928 1352 968 ordines
1380 928 1528 980 'trepida
1553 930 1616 968 fu-

339 1009 387 1047 ga
411 995 448 1034 se
475 994 663 1041 inferens,
691 992 856 1031 turbavit
884 1000 1004 1036 totam
1032 993 1152 1030 aciem
1169 1022 1179 1040 ‚
1201 991 1373 1042 hostique
1400 995 1536 1032 acriter
1562 994 1619 1033 in-

338 1056 536 1096 cumbenti
566 1065 670 1105 terga
702 1054 789 1093 dare
816 1055 951 1104 coegit.
992 1055 1137 1094 Eadem
1164 1054 1349 1094 felicitate
1367 1063 1449 1095 tum
1467 1070 1620 1107 quoque

336 1119 387 1158 ab
414 1117 487 1158 alia
505 1126 608 1167 parte
638 1116 735 1166 gesta
761 1130 841 1156 res:
869 1117 1166 1168 Hannibaique‚
1193 1130 1282 1157 curn
1313 1120 1512 1170 eruptione
1540 1133 1620 1169 pu-

340 1181 548 1234 gnaviffet‚
565 1181 708 1229 majore
733 1179 800 1220 suo
830 1194 945 1231 quam
972 1181 1135 1221 hostium
1166 1182 1395 1221 detrimento
1418 1183 1456 1221 in
1482 1182 1620 1222 urbem

343 1243 565 1295 compulsus
597 1243 659 1282 est.
709 1243 826 1294 Capta
856 1243 1222 1295 Carthaginienssum
1253 1245 1367 1285 castra
1393 1246 1502 1286 sunt:
1537 1247 1621 1286 eie·
1659 1271 1665 1274 -

342 1304 478 1356 phanti
495 1303 681 1344 vulnerati
703 1310 797 1351 tres,
819 1303 896 1342 caefi
922 1305 1076 1354 triginta
1091 1336 1101 1353 ,
1124 1304 1303 1343 undecim
1329 1304 1368 1343 in
1390 1317 1522 1345 manus
1545 1306 1620 1346 Ro-

340 1377 544 1414 manorum
572 1376 734 1404 venere:
762 1364 888 1403 similis
906 1367 940 1403 (ἳζ
958 1365 1157 1404 hominum
1183 1367 1338 1406 fortuna
1362 1368 1446 1407 fuit.
1470 1370 1517 1408 de
1532 1377 1621 1409 tan-

342 1436 383 1468 to
410 1429 577 1467 exercitu
602 1427 714 1476 pauci
739 1439 827 1465 cum
848 1427 927 1477 ipso
957 1428 1056 1467 duce
1083 1429 1308 1469 Heracleam
1329 1429 1537 1471 evaserunt.

397 1497 530 1538 LVIII.
559 1499 606 1535 At
635 1496 699 1546 qui
724 1497 764 1534 in
786 1496 879 1535 urbe
910 1496 1022 1536 clausi
1050 1507 1182 1547 erant,
1207 1498 1320 1538 rebus
1347 1498 1460 1550 plane
1492 1499 1620 1550 despe-

345 1561 459 1607 ratis,
488 1558 632 1598 nullam
659 1557 785 1597 salutis
811 1559 912 1598 viam
942 1559 1010 1598 fibi
1038 1559 1207 1600 relietam
1231 1560 1303 1599 effe
1323 1560 1516 1609 videntes,
1545 1575 1622 1601 ma-

343 1622 456 1663 ximis
472 1620 674 1660 terroribus
701 1620 988 1671 affligebantur:
1015 1619 1313 1661 cum-Hannibal
1336 1621 1498 1671 optimi,
1522 1633 1562 1660 ut
1581 1623 1621 1661 in

346 1685 497 1724 fortuna
513 1681 636 1732 mala,
651 1681 794 1721 consilii
819 1685 971 1732 auftor,
997 1681 1278 1732 animadverso,
1303 1683 1496 1722 Romanos
1517 1685 1551 1723 ἃ
1568 1683 1621 1724 la-

347 1746 440 1786 bore
471 1745 685 1785 certaminis
709 1744 958 1797 defatigatos,
988 1748 1021 1784 6<
1046 1744 1171 1784 laetitia
1193 1744 1290 1791 bene
1314 1745 1422 1798 gestae
1447 1747 1499 1784 rei
1523 1745 1623 1784 solu.

345 1809 481 1856 tiores,
504 1807 756 1858 negligentius
780 1806 892 1846 solito
921 1807 1098 1846 excubias
1122 1820 1256 1858 agere,
1278 1807 1375 1846 circa
1401 1808 1551 1847 tertiam
1571 1808 1626 1846 vi-

349 1869 480 1922 giliani
514 1881 603 1908 cum
642 1869 882 1907 mercenariis
907 1869 987 1907 exit
1015 1869 1159 1919 oppido
1188 1882 1195 1908 :
1237 1870 1271 1908 <Sc
1304 1868 1469 1908 cratibus
1490 1900 1502 1917 ‚
1531 1882 1624 1919 quas

349 1932 454 1971 hunc
469 1932 518 1971 ad
529 1930 636 1969 usum
650 1943 737 1969 ante
754 1940 900 1981 paratas
916 1924 1118 1970 stramento
1136 1930 1444 1981 compleverant,
1458 1930 1496 1968 in
1513 1930 1625 1969 fossas

352 1994 500 2044 injectis
515 2023 526 2041 ,
550 1992 818 2043 transgressus,
843 1993 1082 2043 aliquantum
1110 1993 1253 2032 itineris
1275 1993 1473 2043 praecipit,
1500 1992 1625 2031 donec

351 2053 515 2094 Romani
538 2053 623 2093 luce
638 2056 716 2103 jam
741 2055 887 2092 oriente
912 2053 1005 2104 quid
1031 2054 1159 2092 acrum
1183 2052 1273 2092 esset
1297 2052 1520 2100 sentientes,
1538 2066 1626 2103 par-

350 2125 429 2156 tem
456 2118 618 2156 extremi
643 2117 801 2167 agminis
830 2116 1193 2167 deprehenderunt3
1234 2115 1428 2156 Hannibal
1454 2128 1541 2154 cum
1569 2129 1626 2155 re-

350 2177 462 2228 liquis
484 2178 522 2215 in
546 2185 627 2216 tuta
655 2177 740 2216 Ioca
760 2179 944 2227 pervenit.
976 2179 1022 2216 At
1044 2177 1298 2227 Agrigentini,
1317 2175 1480 2215 desertos
1504 2189 1524 2215 a
1542 2177 1624 2216 Poe-

352 2240 408 2278 nis
433 2239 468 2277 se
490 2239 687 2288 videntes,
716 2239 858 2277 multos
885 2251 1038 2285 eorum,
1068 2239 1131 2289 qui
1160 2239 1197 2275 in
1221 2237 1316 2276 urbe
1343 2237 1623 2288 remanserant,

354 2302 428 2340 sive
452 2315 517 2351 per
539 2302 654 2349 iram,
678 2302 751 2341 sive
772 2310 816 2340 ut
838 2315 858 2340 a
882 2303 1026 2341 vic‘rore
1051 2301 1207 2351 gratiam
1232 2301 1383 2348 inituri,
1411 2302 1623 2341 concidere.

354 2365 438 2405 Nec
456 2365 540 2403 ideo
558 2365 684 2403 minus
709 2364 900 2414 direptum
925 2364 976 2402 est
998 2364 1209 2413 oppidum:
1238 2362 1438 2411 homines,
1462 2352 1639 2413 amplius?

402 2509 426 2554 §
452 2507 553 2546 LVII.
574 2507 694 2543 Zonar.
713 2507 813 2543 Diod.
835 2507 903 2544 Ecl.
924 2508 946 2543 l.
965 2517 1018 2552 23.
1040 2505 1142 2542 Oros.
1160 2517 1192 2550 4,
1216 2516 1248 2547 7.
