1701 3008
209 178 290 228 IN·
335 178 1174 227 too.1.113.xvri11.1v‚
1276 195 1369 244 257

80 282 217 327 vhabito
252 287 419 328 consulis
448 286 658 335 mandato,
692 286 768 327 suae
800 286 928 338 gloriae
956 287 1145 327 cessurum
1181 294 1309 337 ratus,
1341 286 1369 328 st

81 364 150 402 per
187 351 398 391 absentiam
431 350 531 390 illius
570 359 684 401 capta
715 350 850 400 Lipara
877 350 1000 398 foret,
1027 350 1075 390 ad
1109 352 1370 402 oppugnanda

80 412 228 451 moenia
264 413 404 460 duxit3
437 426 517 451 non
548 411 738 463 impunita
763 414 990 452 temeritate.
1034 425 1126 452 nam
1149 426 1276 464 neque
1307 425 1373 452 ex·

81 485 256 522 pugnare
282 473 418 512 urbem
443 474 592 524 potuit,
621 475 655 514 δι
684 473 814 513 multis
835 475 995 524 arnissis‚
1024 477 1227 526 eruptione
1252 476 1293 514 in
1316 489 1374 516 re-

82 535 288 574 cedentem
317 536 416 576 faeta
431 567 441 584 ‚
468 549 606 587 aggere
637 546 822 586 praeterea
846 535 1024 586 incenso,
1043 537 1160 576 castra
1186 550 1283 589 aegre
1305 546 1376 576 tu-

81 605 184 636 tatus
215 599 277 637 est.
317 600 393 639 Sed
424 599 548 638 reditu
573 598 614 638 C.
638 599 779 638 Aurelii
801 611 890 637 cum
916 608 1063 640 mutata
1082 600 1238 639 fortuna
1262 599 1373 648 effer,

81 673 223 711 magna
246 660 452 700 hominum
474 661 596 700 caedes
619 661 659 699 in
676 661 768 700 urbe
796 669 908 712 capta
930 662 983 700 est
1002 663 1132 701 edita:
1160 663 1301 705 deinde
1323 662 1375 700 ad

81 724 242 769 tribuniv
265 735 400 774 poenas
427 725 547 772 itum,
574 735 691 772 quem
712 722 879 763 ‘ademto
915 724 1060 764 militiae
1088 725 1210 776 gradu
1226 755 1237 773 ‚
1257 725 1374 774 virgis

82 787 184 825 caedi
212 784 371 832 consul,
398 787 433 825 Sc
465 785 653 835 stipendia
690 785 790 823 inter
826 786 1019 836 gregarios
1056 787 1208 836 pedites
1237 787 1375 829 facere

81 847 240 897 coegitt,
260 845 504 885 memorabili
520 846 719 885 severitate
735 877 746 895 ,
767 848 878 895 cujus
897 849 933 886 &
947 846 1020 886 alia
1043 847 1223 896 quaedam
1245 859 1377 887 exem-

83 908 147 959 pla
176 908 215 947 in
237 910 377 948 eodem
401 907 469 947 illo
496 904 696 947 con'sulatu
725 908 766 948 C.
792 908 966 948 Aurelius
991 909 1125 948 edidit.

138 970 280 1011 XLVI.
313 971 484 1021 Recepta
506 970 641 1020 Lipara
655 1000 665 1018 ,
687 970 936 1020 Timafithei‚
961 971 1026 1021 qui
1046 971 1142 1010 locis
1155 971 1230 1010 istis
1247 984 1379 1022 quon-

85 1030 178 1070 dam
207 1031 433 1082 praefuerat‚
462 1031 620 1082 posteris
640 1031 776 1070 datum
792 1063 803 1081 ,
827 1040 870 1071 ut
898 1033 1090 1071 immunes
1113 1045 1135 1071 a
1160 1031 1313 1071 tributis
1340 1035 1377 1073 Sc

84 1093 338 1145 vectigalibus
366 1093 497 1132 ess'ent.
534 1094 632 1132 adeo
671 1106 718 1132 ne
749 1102 926 1144 tempore
953 1095 1112 1144 quidem
1145 1096 1377 1135 intercidere

85 1155 233 1196 sinebat
272 1155 500 1207 gratissimus
530 1154 699 1206 populus
733 1156 870 1194 veteris
907 1155 1084 1195 beneficii
1122 1158 1376 1207 memoriam,

88 1218 192 1268 quod
215 1217 475 1258 Timasitheus
502 1225 690 1257 craterem
716 1230 874 1256 aureum
900 1217 1093 1269 Delphico
1116 1218 1286 1269 Apollini
1308 1220 1378 1259 do-

86 1295 138 1321 no
171 1295 192 1321 a
231 1282 413 1322 Romanis
452 1281 632 1328 miffum,
664 1294 778 1332 quem
815 1281 945 1331 pirata:
981 1282 1141 1334 Liparzei
1170 1294 1375 1335 ceperant,

84 1344 333 1398 legatosque,
356 1345 422 1396 qui
448 1359 535 1386 eum
560 1345 809 1394 deferebant,
834 1345 957 1386 salvos
984 1349 1019 1387 δε
1050 1348 1090 1386 in
1119 1348 1305 1388 Graeciam
1336 1351 1374 1389 Sc

68 1409 229 1458 ,deinde
245 1409 413 1449 Romam
439 1398 683 1448 reducendos
708 1415 921 1447 curaverat.
951 1408 1102 1448 Eretam
1132 1409 1296 1458 deinde,
1316 1422 1376 1449 ca-

86 1471 237 1512 stellum
263 1469 583 1520 munitisiimum,
609 1471 775 1510 Romani
804 1481 893 1509 curn
919 1471 1096 1522 peditum
1124 1473 1378 1523 quadraginta

86 1533 257 1573 millibus
275 1565 288 1584 ‚
317 1536 352 1574 ὃς
379 1533 572 1584 equitibus
610 1533 717 1572 mille
745 1532 917 1573 oblidere
954 1533 1139 1586 aggressi,
1164 1549 1290 1586 neque
1315 1549 1378 1576 ca-

88 1610 178 1648 pere
203 1605 439 1647 potuerunt‚
466 1609 590 1648 neque
617 1608 707 1635 cum
732 1596 857 1637 Poenis
883 1597 958 1636 auli
978 1597 1066 1636 sunt
1089 1597 1376 1649 collatis'signis

84 1660 307 1710 confligere.
347 1659 448 1699 Nam
472 1672 521 1698 ex
552 1657 605 1699 M.
637 1658 777 1709 Reguli
809 1658 896 1698 casu
920 1668 1048 1700 tantus
1078 1659 1376 1711 elephantorum

87 1729 210 1762 terror
245 1723 439 1762 Romanas
477 1721 650 1772 legiones
685 1722 882 1761 incesl'erat
904 1753 916 1769 ,
954 1731 997 1761 ut
1027 1735 1077 1762 ex
1110 1736 1156 1762 eo
1197 1731 1375 1774 tempore

87 1784 314 1837 proeliorum
336 1784 458 1824 aleam
481 1785 668 1835 fugerent.
697 1786 802 1835 Saepe
820 1785 857 1823 in
882 1784 1117 1837 Lilybaetano
1143 1799 1257 1836 agro,
1275 1787 1376 1838 soepe

89 1847 132 1886 in
146 1845 360 1886 Selinuntio
387 1846 573 1885 instruitis
588 1845 790 1886 adversum
809 1845 932 1886 hostes
958 1847 1156 1887 ordinibus
1175 1847 1373 1896 steterunt,

88 1909 156 1947 vix
179 1905 384 1957 aliquando
405 1906 576 1957 passuum
599 1907 865 1947 sexcentorum
888 1906 1086 1946 intervallo
1105 1907 1257 1946 diremti
1276 1920 1284 1945 :
1307 1906 1374 1947 sed

91 1981 216 2019 neque
241 1980 308 2018 pro
333 1966 441 2007 solita
466 1968 566 2017 prius
598 1968 792 2008 alacritate
824 1968 1005 2018 proelium
1033 1969 1222 2019 incipere,
1248 1981 1373 2019 neque

90 2030 250 2071 omnino
284 2031 325 2067 in
352 2029 464 2079 plana
489 2029 527 2068 se
565 2031 767 2070 demittere
799 2039 927 2070 tutum
956 2030 1048 2079 rati,
1076 2029 1161 2068 loca
1191 2031 1309 2070 ardua
1334 2033 1372 2071 &-

85 2091 269 2132 inaccessa
294 2091 544 2132 leelabantur.
1361 2142 1369 2153 ο

143 2155 302 2198 XLVII.
334 2157 445 2196 Unde
468 2157 800 2205 Carthaginienses
825 2159 1009 2207 majorem
1030 2157 1068 2195 in
1095 2157 1257 2197 modum
1280 2171 1372 2197 con-

87 2218 225 2258 firmati
242 2248 255 2265 ,
280 2230 370 2257 cum
396 2220 430 2258 &
450 2219 612 2269 pedestri
636 2221 802 2258 exercitu
830 2222 907 2269 jam
938 2219 1201 2269 confiderent,
1219 2223 1254 2260 δε
1275 2221 1367 2260 mari

90 2293 243 2331 quoque
273 2283 436 2331 majores
460 2294 481 2320 a
506 2282 729 2331 tempestate
759 2282 966 2332 Romanis,
993 2295 1106 2331 quam
1132 2296 1181 2321 ex
1208 2283 1368 2322 advcrfis

91 2342 237 2392 proeliis
261 2343 326 2382 fibi
352 2343 531 2383 accidisse
552 2344 678 2385 clades
705 2345 946 2394 Judicarcnt‚
972 2347 1087 2384 etiam
1119 2345 1273 2385 decreto
1306 2348 1367 2385 Se-

88 2455 291 2537 DssdXle'.
314 2460 437 2537 Zssnar.
459 2463 575 2498 frunt.
601 2465 704 2500 Strata
727 2477 767 2506 2,
793 2476 832 2508 7,
858 2478 889 2507 4.
917 2465 938 2509 §
969 2464 1087 2499 XLVI.
1125 2464 1203 2499 Liv.
1231 2466 1271 2506 S,
1304 2465 1360 2499 23·

126 2515 156 2535 ιυ
184 2515 232 2536 or.
271 2508 338 2548 'aly
365 2529 372 2538 .

163 2559 210 2605 T.
244 2562 334 2608 Lir.
371 2563 467 2607 Vol.
497 2563 580 2606 III.
1071 2563 1110 2607 R
