1701 3008
253 231 337 281 ΙΝ
382 231 546 280 Loc,
591 230 730 278 ΕΓΒ.
773 229 990 277 XV111·
1029 229 1175 276 LIV.
1311 229 1403 276 261

202 340 302 383 LIII.
345 340 404 382 lbi
434 340 475 380 L.
502 338 676 379 Caecilius
712 335 921 389 proconsul
948 344 1094 387 partem
1123 334 1284 375 velitum
1315 338 1417 375 ante*

116 404 254 444 foss'am
282 404 387 444 urbis
417 403 600 454 disponit.
633 401 691 441 his
721 402 908 451 imperat,
927 400 1098 452 siquidem
1127 398 1306 448 elephanti
1327 413 1427 452 pro--

111 468 200 520 pius
216 466 384 521 suggrff
407 466 527 518 eff'ent,
551 466 656 518 densa
686 465 724 503 in
753 478 812 502 eos
839 462 910 502 tela
937 461 1151 515 conjiciant:
1164 462 1203 512 fi
1225 473 1428 514 urgeamurv

114 529 200 581 ipsi,
225 528 399 581 refugiant
425 529 464 565 in
480 526 622 580 foffas,
638 537 740 579 atque
756 526 894 577 ,rursum
917 524 998 562 inde
1021 535 1195 561 conentur.
1229 521 1407 562 sordidos

116 591 278 641 opifices
308 593 343 630 Sc
370 589 561 629 forensem
585 587 738 626 turbam
764 594 1008 636 comportare
1034 583 1186 623 missilia
1212 583 1344 634 jubet,
1368 586 1405 624 δε

115 663 224 692 extra
255 665 385 692 muros
421 651 634 702 projicere,
667 663 716 688 ne
750 649 863 699 copia
893 647 1035 686 horum
1066 645 1248 686 velitibus
1284 646 1405 685 desit:

114 716 329 767 sagittarios
353 715 393 753 in
417 715 534 752 muris
568 712 698 761 locat3
729 711 808 762 ipse
835 723 924 749 cum
958 709 1184 750 cohortibus
1221 709 1405 761 gravioris

114 786 316 818 armaturae
338 777 435 815 intra
459 783 613 826 portam
630 805 642 823 ‚
669 775 803 814 dextro
833 772 1002 812 hostium
1032 784 1151 811 cornu
1175 771 1376 812 obversam
1393 801 1405 820 ‚

113 840 314 880 instructus
344 837 572 889 paratusque
602 836 779 876 confiflit.
820 835 970 875 Interea
997 835 1062 884 qui
1086 833 1271 885 proelium
1297 846 1407 873 com-

116 901 301 940 miserunt
316 931 328 950 ,
359 900 479 939 modo
503 897 754 938 multitudine
779 895 945 936 hostium
967 894 1099 946 pressi,
1126 894 1279 934 servatis
1306 894 1412 933 ordi-

116 964 232 1002 nibus
257 962 474 1002 referebant
498 962 664 1012 pedem,
686 961 805 1001 modo
826 960 1044 1000 recentibus
1069 958 1227 998 suorum
1253 957 1409 998 auxiliis

115 1026 358 1073 confirmati,
400 1038 483 1075 quae
516 1023 725 1075 proconsul
759 1024 976 1063 identidem
1011 1021 1264 1061 submittebat
1292 1019 1411 1059 labo-

115 1087 318 1135 rantibus,
348 1100 521 1138 pugnam
557 1085 791 1126 sustinebant
817 1103 826 1127 :
865 1098 956 1125 cum
986 1087 1150 1125 rectores
1181 1083 1410 1134 elephanto-

115 1162 203 1187 rum
227 1147 474 1188 aemulatione
503 1147 644 1187 incensi
660 1178 674 1194 ‚
691 1161 766 1198 quo
794 1147 860 1198 ipsi
883 1149 1037 1199 potius,
1059 1160 1175 1197 quam
1190 1144 1409 1194 Asdrubal,

118 1214 294 1251 auctores
324 1211 491 1252 vietoriae
516 1209 630 1250 fuiffe
664 1211 905 1259 viderentur,
927 1210 1132 1249 concitatis
1160 1208 1296 1248 belluis
1320 1222 1410 1259 pro-

117 1274 276 1314 turbant
302 1273 562 1314 adversarios:
595 1275 631 1313 δε
658 1273 707 1312 ad
731 1272 869 1311 urbem
893 1272 931 1311 se
955 1271 1230 1323 recipientibus
1254 1271 1409 1311 incaute

114 1338 323 1386 instantes,
351 1338 401 1378 ad
431 1335 551 1387 ipsam
588 1335 705 1387 usque
732 1335 868 1374 foffam
894 1334 1204 1386 progrediuntur.

171 1399 271 1440 LIV.
312 1398 372 1439 Ibi
405 1411 519 1447 vero,
544 1410 636 1437 cum
665 1400 700 1437 ὃς
729 1411 750 1436 a
779 1396 976 1436 moenibus
1007 1396 1228 1445 sagittarum
1252 1393 1409 1435 nimbus

113 1468 269 1508 rueret,
303 1461 338 1500 δε
364 1473 385 1500 a
413 1458 656 1507 recentibus,
684 1458 748 1509 qui
776 1468 865 1497 ante
898 1457 1035 1497 fossam
1065 1458 1269 1505 steterant,
1294 1456 1409 1496 hastae

119 1522 296 1562 velitares
317 1521 527 1563 confertim
543 1523 760 1570 jacerentur
774 1551 785 1569 ,
806 1520 973 1560 confecti
990 1518 1212 1558 vulneribus
1228 1517 1410 1570 elephan-

114 1585 148 1623 ti
175 1583 329 1633 saevire⁷
349 1583 595 1633 conversique
619 1596 696 1633 quo
722 1581 834 1622 dolor
858 1584 894 1622 ὅτ,
921 1582 976 1621 ira
997 1582 1159 1631 ferebat,
1182 1581 1410 1620 incumbere

114 1646 219 1696 suis,
254 1655 451 1697 proterere
488 1645 646 1695 obvios,
681 1643 904 1696 perturbare
943 1646 979 1685 δε
1018 1644 1219 1684 dissolvere
1253 1644 1411 1684 ordines

114 1716 352 1748 armatorum
379 1721 545 1760 coepere.
593 1721 669 1758 quo
706 1707 970 1747 animadverso
998 1705 1204 1759 proconsul
1233 1708 1297 1746 lzoc
1318 1706 1414 1745 illud

113 1772 177 1826 effi
203 1786 334 1825 tempus
352 1772 502 1826 provisae
523 1773 584 1810 diu
608 1772 756 1809 νὶἐῖονὶαε
779 1770 1001 1818 clamitans,
1028 1778 1158 1822 aperta
1184 1778 1294 1821 porta
1318 1782 1410 1820 pro-

115 1836 285 1887 rumpit:
311 1848 435 1886 neque
452 1833 610 1874 difficile
626 1844 819 1874 certamen
844 1834 1031 1873 instructis
1050 1835 1085 1873 &
1101 1831 1322 1884 compofitis
1342 1833 1410 1871 ad2

114 1898 240 1937 versus
265 1897 499 1948 trepidantes
523 1896 749 1937 &turbatos
772 1896 847 1935 fuit
871 1909 881 1936 ;
909 1909 1047 1948 magna
1071 1896 1194 1937 caedes
1224 1908 1408 1946 pugnan-

113 1961 213 1999 tium
229 1989 239 2006 ,
258 1972 394 2008 magna
416 1959 651 2010 fugientium
664 1958 779 2007 ferdia,
795 1958 883 1998 casu
904 1958 1092 2009 quodam,
1106 1957 1172 2008 qui
1188 1956 1408 2008 praesidium

115 2024 268 2064 afflictis
283 2022 416 2062 afferre
432 2021 616 2061 debuerat
629 2053 642 2070 ‚
662 2021 760 2060 ultro
789 2021 1049 2061 calamitatem
1071 2034 1248 2071 augente.
1276 2022 1407 2072 Quip-

117 2096 166 2133 pe
203 2082 270 2122 sub
301 2083 404 2122 idem
434 2081 529 2122 illud
561 2090 711 2132 tempus
738 2083 879 2123 Punica
909 2082 1032 2122 classis
1059 2084 1280 2133 comparuit
1305 2094 1315 2120 :
1358 2081 1409 2120 ad

118 2159 260 2196 quam,
284 2146 403 2185 veluti
434 2144 562 2184 salutis
593 2145 746 2184 unicam
775 2144 907 2196 spem,
932 2157 1022 2184 cum
1050 2146 1203 2195 trepida
1235 2144 1408 2184 multitu-

116 2208 169 2246 do
206 2215 391 2259 metuque
411 2220 512 2247 caeca
532 2206 749 2258 promiscue
774 2217 925 2257 rueret,
947 2207 1057 2248 multi
1082 2209 1246 2248 invicem
1267 2216 1333 2247 aut
1357 2207 1405 2246 ab

115 2268 329 2320 elephantis
355 2270 575 2310 conculcati
605 2269 721 2318 sunt'3
745 2270 811 2311 alii
837 2286 858 2311 a
885 2271 1199 2322 persequentibus
1226 2271 1408 2309 interem-

115 2332 171 2370 ti:
205 2345 364 2384 magnus
395 2334 514 2373 etiam
541 2346 722 2373 numerus
747 2334 844 2373 inter
867 2335 1103 2382 natandum,
1126 2344 1191 2374 aut
1220 2334 1314 2373 dum
1339 2347 1407 2372 na-

117 2406 182 2432 ves
211 2394 446 2434 tumultuose
481 2395 792 2436 conscenduntur
820 2398 1019 2445 excull'us,
1045 2399 1086 2436 in
1113 2397 1207 2436 mari
1235 2396 1362 2448 periit.

171 2456 248 2496 LV.
279 2457 415 2507 Neque
441 2457 502 2497 vel
530 2458 597 2537 αεὶ.
613 2471 658 2498 ea
690 2467 892 2510 tempora,
916 2459 976 2501 vel
1004 2460 1187 2511 deinceps
1224 2458 1302 2497 ulla
1329 2471 1410 2509 po·-

126 2610 134 2616 ἱ
161 2564 186 2608 S
217 2564 301 2598 Lm.
320 2565 435 2603 frent.
452 2564 554 2599 strat,
578 2577 590 2599 1
609 2576 673 2609 ‚.7‚
698 2567 720 2612 S
751 2566 837 2605 LW.
856 2567 976 2614 Polyb.
1003 2567 1146 2600 Diodor.
1169 2566 1311 2600 Zonar..

1049 2623 1089 2668 R
1121 2636 1146 2683 3
