1701 3008
284 188 349 234 44
638 172 1212 220 T1T1L1V11

283 297 386 327 rum
417 296 469 326 ac
500 278 817 327 vehiculorum
850 287 1084 338 raptorum
1116 292 1195 338 per
1221 291 1377 339 agmen
1408 275 1565 324 obtriti

287 353 560 417 antesignani
584 370 595 398 :
631 354 681 398 &
714 350 932 406 insecuta,
957 349 1085 396 fimul
1116 348 1296 395 territos
1324 349 1471 397 hostes
1491 351 1569 397 vi·
1601 405 1609 413 Ἴ,

284 424 382 483 dit,
417 424 593 471 Gallica
626 422 741 470 acies
780 422 954 469 nullum
993 421 1178 480 spatium
1216 418 1458 484 respirandi
1492 439 1566 468 re-

285 496 570 558 cipiendique
606 494 647 541 se
680 495 813 541 dedit.
855 494 1114 541 Vociferari
1145 495 1342 553 Decius,
1369 497 1465 556 Quo
1484 496 1568 555 fic-

281 570 456 631 gerent?
474 587 646 628 quamve
670 571 715 614 in
735 568 848 630 fuga
865 569 984 629 spem
1002 564 1203 614 'haberent
1216 570 1241 614 ἓ
1263 568 1472 615 obfistere
1492 585 1567 615 ce-

283 638 519 697 dentibus,
550 657 599 686 ac
635 655 853 687 revocare
886 638 1022 686 fusOS.
1065 639 1252 698 deinde,
1278 652 1330 686 ut
1359 641 1483 687 nulla
1514 641 1567 689 vi

285 712 520 775 perculsos
541 712 750 759 sustinere
771 723 972 774 poterat,
995 722 1164 773 patrem
1199 713 1245 760 P.
1263 713 1459 759 Decium
1482 730 1570 759 no-

285 785 407 831 mine
437 785 715 848 compellans
736 821 750 843 ‚
770 789 891 847 Quid
912 791 1021 832 ultra
1051 805 1207 841 moror,
1234 786 1406 849 inquit,
1425 788 1587 846 finni--

285 860 388 904 liare
413 858 559 917 fatum
576 860 602 903 ἓ
645 862 788 905 datum
820 862 894 904 lzoc
921 860 1053 925 nostro
1079 862 1213 920 generi
1243 861 1321 925 est,
1341 875 1387 905 uc
1403 863 1570 904 luendis

278 933 478 991 periculis
498 933 683 991 publicis
710 935 887 992 piacula
898 931 1050 995 fimus.
1091 932 1190 977 Jam
1219 949 1290 991 ego
1316 949 1469 976 mecum
1494 933 1573 976 lio-

272 1003 406 1068 stium
445 1007 624 1065 legiones
660 1004 906 1050 mac‘landas
949 1007 1104 1050 Telluri
1139 1024 1188 1050 ac
1219 1007 1329 1050 Diis
1366 1008 1572 1051 Manibus

287 1079 411 1123 daho.
449 1077 557 1122 Haec
590 1075 770 1124 locutus
787 1113 801 1133 ‚
820 1079 886 1125 M.
909 1077 1088 1124 Livium
1118 1076 1411 1141 pontificem,
1439 1095 1574 1141 quem

286 1148 561 1195 descendens
594 1148 640 1194 in
666 1149 803 1196 aciem
842 1150 1013 1214 digredi
1041 1162 1244 1196 vetuerat
1271 1151 1326 1197 ab
1361 1151 1403 1197 se
1420 1186 1432 1207 ‚
1460 1168 1573 1213 prae-

286 1220 352 1268 ire
376 1221 498 1284 juffit
517 1221 682 1279 verba,
700 1221 861 1285 quibus
888 1222 930 1269 se
950 1222 1237 1287 legionesque
1265 1222 1458 1269 hostium
1485 1239 1573 1285 pro

285 1295 492 1346 exercitu
511 1295 671 1358 populi
691 1296 889 1342 Romani
909 1295 1159 1357 Quiritium
1183 1296 1449 1344 devoveret.
1479 1298 1576 1343 De-

287 1382 430 1417 votus
465 1369 569 1415 inde
609 1370 761 1416 eadem
799 1371 1060 1433 precatione
1093 1370 1344 1433 eodemque
1385 1370 1572 1428 habitu,

288 1459 384 1504 quo
418 1454 545 1505 pater
579 1444 626 1490 P.
649 1443 820 1491 Decius
857 1444 911 1491 ad
945 1443 1143 1490 Veserim
1179 1443 1301 1490 bello
1335 1443 1498 1490 Latino
1531 1442 1575 1490 se

288 1514 467 1579 jusserat
498 1516 735 1566 devoveri.
774 1520 892 1565 Cum
925 1519 1167 1567 secundum
1202 1517 1439 1565 sollemnes
1472 1535 1576 1581 pre-

289 1587 493 1636 cationes
525 1587 780 1650 adjeciffet‚
797 1611 884 1653 prce
905 1594 956 1653 fi’
983 1611 1097 1654 agere
1119 1594 1208 1653 sese
1230 1591 1503 1650 formidinem
1525 1611 1576 1639 ac

282 1661 437 1722 fugam
452 1697 468 1719 ,
496 1666 716 1724 caedemque
748 1684 797 1710 ac
832 1684 1010 1712 cruorem
1027 1702 1041 1724 ‚
1072 1667 1287 1724 coelestium
1309 1699 1322 1722 ,
1350 1665 1574 1724 inferorum

292 1737 380 1779 iras
405 1754 420 1781 .-
449 1737 726 1783 contacJurum
744 1738 1006 1797 funebribus
1023 1742 1128 1785 diris
1142 1739 1273 1803 signa
1288 1774 1301 1794 ‚
1321 1743 1402 1785 tela
1420 1774 1434 1796 ‚
1455 1758 1574 1785 arma

290 1807 464 1871 hostium
483 1827 502 1862 ;
528 1813 738 1871 locumque
766 1815 935 1857 eundem
949 1813 1041 1872 suae
1059 1812 1184 1876 pestis
1216 1810 1258 1857 δ’
1284 1812 1504 1857 Gallorum
1525 1830 1576 1858 ac

292 1883 551 1926 Samnitium
570 1883 679 1941 fore.
717 1884 826 1930 Haec
857 1883 1108 1931 exsecratus
1143 1884 1190 1929 in
1227 1883 1268 1929 se
1306 1883 1537 1946 hostesque
1557 1918 1575 1940 ⁹

241 1943 250 1953 ’
291 1966 381 2011 qua
401 1953 763 2012 confertissimam
786 1956 994 2003 cernebat
1015 1956 1252 2011 Gallorum
1273 1957 1412 2003 aciem
1427 1993 1443 2013 ‚
1464 1973 1576 2003 con-

293 2022 402 2069 citat
433 2041 628 2085 equum:
664 2026 946 2092 inferensque
979 2027 1022 2075 se
1055 2028 1144 2092 ipse
1176 2028 1345 2076 infestis
1377 2027 1478 2074 telis
1510 2027 1573 2074 est

293 2097 567 2148 interfeffiis.

394 2173 569 2219 XX1X.
607 2174 700 2220 Vix
737 2175 944 2222 humanae
981 2175 1084 2223 inde
1118 2176 1218 2238 opis
1247 2175 1391 2223 videri
1426 2192 1575 2238 pugna

294 2243 465 2305 potuit.
492 2245 688 2293 Romani
709 2263 722 2303 3
745 2249 856 2295 duce
875 2249 1029 2295 amiffo
1043 2285 1056 2305 ‚
1075 2267 1175 2311 quae
1196 2265 1265 2295 res
1283 2248 1448 2295 terrori
1471 2249 1576 2295 alias

295 2315 382 2361 effe
400 2314 538 2375 solet,
559 2317 701 2364 fistere
719 2319 870 2381 fugam
886 2356 900 2377 ,
921 2338 972 2366 ac
996 2337 1166 2366 novam
1185 2321 1239 2366 de
1257 2321 1435 2384 integro
1455 2321 1575 2368 velle

294 2387 534 2435 instaurare
550 2408 756 2453 pugnam.
778 2394 917 2451 Galli,
935 2396 985 2441 ὅ(
1004 2395 1197 2440 maxime
1216 2394 1376 2458 globus
1393 2395 1576 2443 circum·

296 2460 413 2511 stans
443 2463 637 2512 consulis
661 2481 856 2530 corpus,
884 2467 1011 2516 velut
1040 2468 1232 2518 alienata
1260 2481 1442 2531 mente,
1463 2487 1578 2521 vana.
