<?xml version="1.0" encoding="UTF-8"?>
<!DOCTYPE html PUBLIC "-//W3C//DTD XHTML 1.0 Transitional//EN"
    "http://www.w3.org/TR/xhtml1/DTD/xhtml1-transitional.dtd">
<html xmlns="http://www.w3.org/1999/xhtml" xml:lang="en" lang="en">
 <head>
  <title>
</title>
<meta http-equiv="Content-Type" content="text/html;charset=utf-8" />
  <meta name='ocr-system' content='tesseract 3.04.00' />
  <meta name='ocr-capabilities' content='ocr_page ocr_carea ocr_par ocr_line ocrx_word'/>
</head>
<body>
  <div class='ocr_page' id='page_1' title='image "./historiarumlibri03livyuoft_0345.png"; bbox 0 0 1701 3008; ppageno 0'>
   <div class='ocr_carea' id='block_1_1' title="bbox 265 188 1361 261">
    <p class='ocr_par' dir='ltr' id='par_1_1' title="bbox 265 188 1361 261">
     <span class='ocr_line' id='line_1_1' title="bbox 265 188 1361 261; baseline 0.01 -23"><span class='ocrx_word' id='word_1_1' title='bbox 265 189 348 239; x_wconf 89' lang='lat' dir='ltr'>IN</span> <span class='ocrx_word' id='word_1_2' title='bbox 397 188 742 239; x_wconf 86' lang='lat' dir='ltr'>LOC.L1B.</span> <span class='ocrx_word' id='word_1_3' title='bbox 786 188 896 240; x_wconf 84' lang='lat' dir='ltr'>XX</span> <span class='ocrx_word' id='word_1_4' title='bbox 934 191 1084 243; x_wconf 85' lang='lat' dir='ltr'><strong>LIV.</strong></span> <span class='ocrx_word' id='word_1_5' title='bbox 1268 208 1361 261; x_wconf 81' lang='lat'>337</span> 
     </span>
    </p>
   </div>
   <div class='ocr_carea' id='block_1_2' title="bbox 62 298 1381 2350">
    <p class='ocr_par' dir='ltr' id='par_1_2' title="bbox 62 298 1369 794">
     <span class='ocr_line' id='line_1_2' title="bbox 62 298 1363 354; baseline 0.006 -16"><span class='ocrx_word' id='word_1_6' title='bbox 62 304 172 338; x_wconf 77' lang='lat' dir='ltr'>tanes</span> <span class='ocrx_word' id='word_1_7' title='bbox 199 300 238 338; x_wconf 88' lang='lat' dir='ltr'>vi</span> <span class='ocrx_word' id='word_1_8' title='bbox 267 301 422 340; x_wconf 55' lang='lat' dir='ltr'>coactos</span> <span class='ocrx_word' id='word_1_9' title='bbox 443 300 482 339; x_wconf 86' lang='lat' dir='ltr'>in</span> <span class='ocrx_word' id='word_1_10' title='bbox 508 308 636 352; x_wconf 81' lang='lat' dir='ltr'>partes</span> <span class='ocrx_word' id='word_1_11' title='bbox 665 298 749 340; x_wconf 85' lang='lat' dir='ltr'>suas</span> <span class='ocrx_word' id='word_1_12' title='bbox 777 308 957 343; x_wconf 74' lang='lat' dir='ltr'><strong>traxerat.</strong></span> <span class='ocrx_word' id='word_1_13' title='bbox 1003 303 1140 354; x_wconf 87' lang='lat' dir='ltr'>Neque</span> <span class='ocrx_word' id='word_1_14' title='bbox 1163 303 1363 346; x_wconf 84' lang='lat' dir='ltr'>Romanos</span> 
     </span>
     <span class='ocr_line' id='line_1_3' title="bbox 68 361 1368 414; baseline 0.007 -15"><span class='ocrx_word' id='word_1_15' title='bbox 68 361 335 411; x_wconf 77' lang='lat' dir='ltr'><strong>reverebatur,</strong></span> <span class='ocrx_word' id='word_1_16' title='bbox 368 364 508 413; x_wconf 84' lang='lat' dir='ltr'>quibus</span> <span class='ocrx_word' id='word_1_17' title='bbox 538 362 687 403; x_wconf 85' lang='lat' dir='ltr'>Gallico</span> <span class='ocrx_word' id='word_1_18' title='bbox 721 362 823 402; x_wconf 89' lang='lat' dir='ltr'>bello</span> <span class='ocrx_word' id='word_1_19' title='bbox 854 363 1080 414; x_wconf 69' lang='lat' dir='ltr'>implicitiS‚</span> <span class='ocrx_word' id='word_1_20' title='bbox 1113 366 1256 406; x_wconf 87' lang='lat' dir='ltr'>deinde</span> <span class='ocrx_word' id='word_1_21' title='bbox 1287 369 1368 408; x_wconf 90' lang='lat' dir='ltr'>Pu-</span> 
     </span>
     <span class='ocr_line' id='line_1_4' title="bbox 69 425 1368 480; baseline 0.004 -17"><span class='ocrx_word' id='word_1_22' title='bbox 69 425 202 464; x_wconf 81' lang='lat' dir='ltr'>nicum</span> <span class='ocrx_word' id='word_1_23' title='bbox 222 426 486 465; x_wconf 79' lang='lat' dir='ltr'>metuentibus</span> <span class='ocrx_word' id='word_1_24' title='bbox 503 455 514 475; x_wconf 88' lang='lat'>‚</span> <span class='ocrx_word' id='word_1_25' title='bbox 533 439 660 477; x_wconf 89' lang='lat' dir='ltr'>neque</span> <span class='ocrx_word' id='word_1_26' title='bbox 679 427 776 466; x_wconf 89' lang='lat' dir='ltr'>vires</span> <span class='ocrx_word' id='word_1_27' title='bbox 799 439 924 478; x_wconf 89' lang='lat' dir='ltr'>neque</span> <span class='ocrx_word' id='word_1_28' title='bbox 946 429 1071 466; x_wconf 87' lang='lat' dir='ltr'>otium</span> <span class='ocrx_word' id='word_1_29' title='bbox 1096 428 1146 468; x_wconf 86' lang='lat' dir='ltr'>ad</span> <span class='ocrx_word' id='word_1_30' title='bbox 1165 431 1368 480; x_wconf 44' lang='lat' dir='ltr'>vindicans</span> 
     </span>
     <span class='ocr_line' id='line_1_5' title="bbox 70 487 1369 543; baseline 0.006 -17"><span class='ocrx_word' id='word_1_31' title='bbox 70 488 140 527; x_wconf 87' lang='lat' dir='ltr'>das</span> <span class='ocrx_word' id='word_1_32' title='bbox 167 487 358 528; x_wconf 88' lang='lat' dir='ltr'>sociorum</span> <span class='ocrx_word' id='word_1_33' title='bbox 380 490 537 539; x_wconf 87' lang='lat' dir='ltr'>injurias</span> <span class='ocrx_word' id='word_1_34' title='bbox 559 489 641 528; x_wconf 88' lang='lat' dir='ltr'>fore</span> <span class='ocrx_word' id='word_1_35' title='bbox 672 489 875 530; x_wconf 86' lang='lat' dir='ltr'>censebat:</span> <span class='ocrx_word' id='word_1_36' title='bbox 909 493 944 530; x_wconf 69' lang='grc' dir='ltr'>ἅ</span> <span class='ocrx_word' id='word_1_37' title='bbox 970 505 991 529; x_wconf 80' lang='lat' dir='ltr'>a</span> <span class='ocrx_word' id='word_1_38' title='bbox 1020 491 1198 543; x_wconf 83' lang='lat' dir='ltr'>Philippo</span> <span class='ocrx_word' id='word_1_39' title='bbox 1226 493 1369 534; x_wconf 80' lang='lat' dir='ltr'>Mace-</span> 
     </span>
     <span class='ocr_line' id='line_1_6' title="bbox 69 550 1368 603; baseline 0.005 -14"><span class='ocrx_word' id='word_1_40' title='bbox 69 550 220 591; x_wconf 80' lang='lat' dir='ltr'>donum</span> <span class='ocrx_word' id='word_1_41' title='bbox 254 565 341 603; x_wconf 87' lang='lat' dir='ltr'>rege</span> <span class='ocrx_word' id='word_1_42' title='bbox 377 551 569 602; x_wconf 86' lang='lat' dir='ltr'>quidlibet</span> <span class='ocrx_word' id='word_1_43' title='bbox 604 552 806 603; x_wconf 79' lang='lat' dir='ltr'>sperabat,</span> <span class='ocrx_word' id='word_1_44' title='bbox 843 553 948 603; x_wconf 90' lang='lat' dir='ltr'>quod</span> <span class='ocrx_word' id='word_1_45' title='bbox 979 553 1081 593; x_wconf 90' lang='lat' dir='ltr'>bello</span> <span class='ocrx_word' id='word_1_46' title='bbox 1115 554 1368 597; x_wconf 88' lang='lat' dir='ltr'>Cleomenico</span> 
     </span>
     <span class='ocr_line' id='line_1_7' title="bbox 71 612 1366 668; baseline 0.008 -18"><span class='ocrx_word' id='word_1_47' title='bbox 71 612 155 653; x_wconf 79' lang='lat' dir='ltr'>dux</span> <span class='ocrx_word' id='word_1_48' title='bbox 181 613 420 666; x_wconf 75' lang='lat' dir='ltr'><strong>Illyricorum</strong></span> <span class='ocrx_word' id='word_1_49' title='bbox 450 614 684 654; x_wconf 78' lang='lat' dir='ltr'>auxiliorum</span> <span class='ocrx_word' id='word_1_50' title='bbox 713 612 992 656; x_wconf 81' lang='lat' dir='ltr'>Macedonicas</span> <span class='ocrx_word' id='word_1_51' title='bbox 1026 629 1120 668; x_wconf 88' lang='lat' dir='ltr'>opes</span> <span class='ocrx_word' id='word_1_52' title='bbox 1153 618 1366 667; x_wconf 77' lang='lat' dir='ltr'>adjuviffet.</span> 
     </span>
     <span class='ocr_line' id='line_1_8' title="bbox 67 671 1369 734; baseline 0.007 -20"><span class='ocrx_word' id='word_1_53' title='bbox 67 671 192 725; x_wconf 75' lang='lat' dir='ltr'>Igitur</span> <span class='ocrx_word' id='word_1_54' title='bbox 227 677 428 717; x_wconf 85' lang='lat' dir='ltr'>decretum</span> <span class='ocrx_word' id='word_1_55' title='bbox 467 676 645 717; x_wconf 84' lang='lat' dir='ltr'>adversus</span> <span class='ocrx_word' id='word_1_56' title='bbox 680 691 771 718; x_wconf 87' lang='lat' dir='ltr'>eum</span> <span class='ocrx_word' id='word_1_57' title='bbox 806 677 954 719; x_wconf 85' lang='lat' dir='ltr'>bellum</span> <span class='ocrx_word' id='word_1_58' title='bbox 988 678 1061 729; x_wconf 78' lang='lat' dir='ltr'>est,</span> <span class='ocrx_word' id='word_1_59' title='bbox 1089 681 1369 734; x_wconf 79' lang='lat' dir='ltr'>apparatusque</span> 
     </span>
     <span class='ocr_line' id='line_1_9' title="bbox 67 737 1072 794; baseline 0.018 -18"><span class='ocrx_word' id='word_1_60' title='bbox 67 737 176 778; x_wconf 54' lang='lat' dir='ltr'>facti.</span> <span class='ocrx_word' id='word_1_61' title='bbox 1066 791 1072 794; x_wconf 83' lang='lat'><em>.</em></span> 
     </span>
    </p>

    <p class='ocr_par' dir='ltr' id='par_1_3' title="bbox 69 796 1376 1775">
     <span class='ocr_line' id='line_1_10' title="bbox 133 796 1367 855; baseline 0.006 -15"><span class='ocrx_word' id='word_1_62' title='bbox 133 799 266 840; x_wconf 83' lang='lat' dir='ltr'>LVIII.</span> <span class='ocrx_word' id='word_1_63' title='bbox 311 799 484 840; x_wconf 87' lang='lat' dir='ltr'>Lustrum</span> <span class='ocrx_word' id='word_1_64' title='bbox 522 798 670 839; x_wconf 87' lang='lat' dir='ltr'>interea</span> <span class='ocrx_word' id='word_1_65' title='bbox 700 796 861 855; x_wconf 63' lang='lat' dir='ltr'>tertiun‘f</span> <span class='ocrx_word' id='word_1_66' title='bbox 889 803 925 841; x_wconf 61' lang='grc' dir='ltr'>ὃς</span> <span class='ocrx_word' id='word_1_67' title='bbox 956 803 1286 855; x_wconf 81' lang='lat' dir='ltr'>quadragesimum</span> <span class='ocrx_word' id='word_1_68' title='bbox 1322 806 1367 850; x_wconf 84' lang='lat' dir='ltr'>L.</span> 
     </span>
     <span class='ocr_line' id='line_1_11' title="bbox 70 860 1370 909; baseline 0.005 -7"><span class='ocrx_word' id='word_1_69' title='bbox 70 860 276 909; x_wconf 77' lang='lat' dir='ltr'>AEmflius,</span> <span class='ocrx_word' id='word_1_70' title='bbox 311 861 353 901; x_wconf 84' lang='lat' dir='ltr'>C.</span> <span class='ocrx_word' id='word_1_71' title='bbox 372 860 592 900; x_wconf 65' lang='lat' dir='ltr'>flaminius</span> <span class='ocrx_word' id='word_1_72' title='bbox 619 861 795 902; x_wconf 83' lang='lat' dir='ltr'><strong>censores</strong></span> <span class='ocrx_word' id='word_1_73' title='bbox 823 863 1095 903; x_wconf 84' lang='lat' dir='ltr'>condiderunt.</span> <span class='ocrx_word' id='word_1_74' title='bbox 1139 866 1259 906; x_wconf 88' lang='lat' dir='ltr'>Censa</span> <span class='ocrx_word' id='word_1_75' title='bbox 1282 867 1370 909; x_wconf 86' lang='lat' dir='ltr'>sunt</span> 
     </span>
     <span class='ocr_line' id='line_1_12' title="bbox 71 923 1373 976; baseline 0.008 -15"><span class='ocrx_word' id='word_1_76' title='bbox 71 923 217 962; x_wconf 85' lang='lat' dir='ltr'>civium</span> <span class='ocrx_word' id='word_1_77' title='bbox 239 924 366 975; x_wconf 83' lang='lat' dir='ltr'>capita</span> <span class='ocrx_word' id='word_1_78' title='bbox 391 924 557 963; x_wconf 76' lang='lat' dir='ltr'>ducenta</span> <span class='ocrx_word' id='word_1_79' title='bbox 581 924 822 976; x_wconf 77' lang='lat' dir='ltr'>septuaginta</span> <span class='ocrx_word' id='word_1_80' title='bbox 846 927 966 966; x_wconf 88' lang='lat' dir='ltr'>millia</span> <span class='ocrx_word' id='word_1_81' title='bbox 984 928 1152 968; x_wconf 79' lang='lat' dir='ltr'>ducenta</span> <span class='ocrx_word' id='word_1_82' title='bbox 1168 931 1373 972; x_wconf 77' lang='lat' dir='ltr'>tredecim.</span> 
     </span>
     <span class='ocr_line' id='line_1_13' title="bbox 69 983 1372 1043; baseline 0.003 -19"><span class='ocrx_word' id='word_1_83' title='bbox 69 983 361 1025; x_wconf 86' lang='lat' dir='ltr'>Libertinorum</span> <span class='ocrx_word' id='word_1_84' title='bbox 390 985 607 1035; x_wconf 88' lang='lat' dir='ltr'>promiscua</span> <span class='ocrx_word' id='word_1_85' title='bbox 633 985 846 1026; x_wconf 83' lang='lat' dir='ltr'>multitudo</span> <span class='ocrx_word' id='word_1_86' title='bbox 876 1001 944 1038; x_wconf 81' lang='lat' dir='ltr'>per</span> <span class='ocrx_word' id='word_1_87' title='bbox 970 1002 1106 1034; x_wconf 79' lang='lat' dir='ltr'>omnes</span> <span class='ocrx_word' id='word_1_88' title='bbox 1125 990 1248 1030; x_wconf 86' lang='lat' dir='ltr'>tribus</span> <span class='ocrx_word' id='word_1_89' title='bbox 1268 992 1372 1043; x_wconf 47' lang='lat' dir='ltr'>spara</span> 
     </span>
     <span class='ocr_line' id='line_1_14' title="bbox 71 1046 1373 1097; baseline 0.007 -11"><span class='ocrx_word' id='word_1_90' title='bbox 71 1046 140 1097; x_wconf 81' lang='lat' dir='ltr'>sa,</span> <span class='ocrx_word' id='word_1_91' title='bbox 168 1048 334 1087; x_wconf 89' lang='lat' dir='ltr'>multum</span> <span class='ocrx_word' id='word_1_92' title='bbox 367 1048 552 1088; x_wconf 64' lang='lat' dir='ltr'>hactenus</span> <span class='ocrx_word' id='word_1_93' title='bbox 582 1048 778 1088; x_wconf 85' lang='lat' dir='ltr'>turbarum</span> <span class='ocrx_word' id='word_1_94' title='bbox 815 1051 1005 1091; x_wconf 76' lang='lat' dir='ltr'>dederat:</span> <span class='ocrx_word' id='word_1_95' title='bbox 1039 1065 1125 1092; x_wconf 87' lang='lat' dir='ltr'>earn</span> <span class='ocrx_word' id='word_1_96' title='bbox 1154 1053 1373 1095; x_wconf 79' lang='lat' dir='ltr'>imitatione</span> 
     </span>
     <span class='ocr_line' id='line_1_15' title="bbox 76 1111 1371 1166; baseline 0.005 -15"><span class='ocrx_word' id='word_1_97' title='bbox 76 1115 128 1164; x_wconf 77' lang='lat' dir='ltr'>Q.</span> <span class='ocrx_word' id='word_1_98' title='bbox 145 1111 255 1152; x_wconf 80' lang='lat' dir='ltr'>Fabii</span> <span class='ocrx_word' id='word_1_99' title='bbox 283 1112 450 1152; x_wconf 81' lang='lat' dir='ltr'>Maximi</span> <span class='ocrx_word' id='word_1_100' title='bbox 479 1112 655 1151; x_wconf 82' lang='lat' dir='ltr'>censores</span> <span class='ocrx_word' id='word_1_101' title='bbox 682 1113 721 1151; x_wconf 90' lang='lat' dir='ltr'>in</span> <span class='ocrx_word' id='word_1_102' title='bbox 749 1122 912 1163; x_wconf 86' lang='lat' dir='ltr'>quatuor</span> <span class='ocrx_word' id='word_1_103' title='bbox 939 1115 1086 1163; x_wconf 82' lang='lat' dir='ltr'>tribus,</span> <span class='ocrx_word' id='word_1_104' title='bbox 1112 1116 1371 1166; x_wconf 74' lang='lat' dir='ltr'>Esquilinam.</span> 
     </span>
     <span class='ocr_line' id='line_1_16' title="bbox 74 1169 1374 1228; baseline 0.004 -14"><span class='ocrx_word' id='word_1_105' title='bbox 74 1173 318 1219; x_wconf 80' lang='lat' dir='ltr'>Palatinam,</span> <span class='ocrx_word' id='word_1_106' title='bbox 345 1173 632 1220; x_wconf 82' lang='lat' dir='ltr'>Suburranam,</span> <span class='ocrx_word' id='word_1_107' title='bbox 656 1169 928 1226; x_wconf 74' lang='lat' dir='ltr'>Collinamque</span> <span class='ocrx_word' id='word_1_108' title='bbox 952 1178 1194 1228; x_wconf 84' lang='lat' dir='ltr'>redegerunt.</span> <span class='ocrx_word' id='word_1_109' title='bbox 1225 1179 1266 1218; x_wconf 88' lang='lat' dir='ltr'>C.</span> <span class='ocrx_word' id='word_1_110' title='bbox 1289 1179 1374 1220; x_wconf 75' lang='lat' dir='ltr'>Fla—</span> 
     </span>
     <span class='ocr_line' id='line_1_17' title="bbox 77 1232 1372 1291; baseline 0.007 -19"><span class='ocrx_word' id='word_1_111' title='bbox 77 1233 222 1272; x_wconf 86' lang='lat' dir='ltr'>minius</span> <span class='ocrx_word' id='word_1_112' title='bbox 247 1232 286 1271; x_wconf 88' lang='lat' dir='ltr'>in</span> <span class='ocrx_word' id='word_1_113' title='bbox 313 1234 451 1272; x_wconf 88' lang='lat' dir='ltr'>eadem</span> <span class='ocrx_word' id='word_1_114' title='bbox 485 1234 642 1274; x_wconf 86' lang='lat' dir='ltr'>censura</span> <span class='ocrx_word' id='word_1_115' title='bbox 670 1236 770 1275; x_wconf 88' lang='lat' dir='ltr'>viam</span> <span class='ocrx_word' id='word_1_116' title='bbox 798 1238 1017 1277; x_wconf 75' lang='lat' dir='ltr'>Ariminum</span> <span class='ocrx_word' id='word_1_117' title='bbox 1042 1239 1158 1290; x_wconf 70' lang='lat' dir='ltr'>usque</span> <span class='ocrx_word' id='word_1_118' title='bbox 1184 1242 1372 1291; x_wconf 80' lang='lat' dir='ltr'>munivit,</span> 
     </span>
     <span class='ocr_line' id='line_1_18' title="bbox 79 1296 1373 1350; baseline 0.005 -14"><span class='ocrx_word' id='word_1_119' title='bbox 79 1297 116 1336; x_wconf 70' lang='grc' dir='ltr'>ἃ</span> <span class='ocrx_word' id='word_1_120' title='bbox 145 1296 303 1335; x_wconf 89' lang='lat' dir='ltr'>Circum</span> <span class='ocrx_word' id='word_1_121' title='bbox 329 1296 526 1337; x_wconf 80' lang='lat' dir='ltr'>exstruxit.</span> <span class='ocrx_word' id='word_1_122' title='bbox 566 1298 719 1349; x_wconf 86' lang='lat' dir='ltr'>utrique</span> <span class='ocrx_word' id='word_1_123' title='bbox 751 1301 858 1350; x_wconf 88' lang='lat' dir='ltr'>operi</span> <span class='ocrx_word' id='word_1_124' title='bbox 885 1314 1030 1340; x_wconf 89' lang='lat' dir='ltr'>nomen</span> <span class='ocrx_word' id='word_1_125' title='bbox 1060 1302 1107 1341; x_wconf 84' lang='lat' dir='ltr'>ab</span> <span class='ocrx_word' id='word_1_126' title='bbox 1138 1305 1292 1342; x_wconf 68' lang='lat' dir='ltr'>auctore</span> <span class='ocrx_word' id='word_1_127' title='bbox 1320 1306 1373 1344; x_wconf 78' lang='lat' dir='ltr'>est</span> 
     </span>
     <span class='ocr_line' id='line_1_19' title="bbox 76 1358 1372 1409; baseline 0.008 -13"><span class='ocrx_word' id='word_1_128' title='bbox 76 1358 323 1408; x_wconf 79' lang='lat' dir='ltr'>impositum,</span> <span class='ocrx_word' id='word_1_129' title='bbox 355 1358 563 1409; x_wconf 86' lang='lat' dir='ltr'>Circusque</span> <span class='ocrx_word' id='word_1_130' title='bbox 590 1360 800 1400; x_wconf 86' lang='lat' dir='ltr'>Flaminius</span> <span class='ocrx_word' id='word_1_131' title='bbox 817 1392 828 1409; x_wconf 71' lang='grc'><em>,</em></span> <span class='ocrx_word' id='word_1_132' title='bbox 853 1364 889 1402; x_wconf 68' lang='grc' dir='ltr'>δε</span> <span class='ocrx_word' id='word_1_133' title='bbox 919 1361 981 1402; x_wconf 85' lang='lat' dir='ltr'>via</span> <span class='ocrx_word' id='word_1_134' title='bbox 1006 1362 1194 1404; x_wconf 84' lang='lat' dir='ltr'>Flaminia</span> <span class='ocrx_word' id='word_1_135' title='bbox 1222 1376 1372 1408; x_wconf 81' lang='lat' dir='ltr'>vocata.</span> 
     </span>
     <span class='ocr_line' id='line_1_20' title="bbox 76 1420 1374 1480; baseline 0.006 -18"><span class='ocrx_word' id='word_1_136' title='bbox 76 1422 203 1462; x_wconf 89' lang='lat' dir='ltr'>Iidem</span> <span class='ocrx_word' id='word_1_137' title='bbox 218 1421 390 1460; x_wconf 83' lang='lat' dir='ltr'>censores</span> <span class='ocrx_word' id='word_1_138' title='bbox 405 1420 529 1473; x_wconf 86' lang='lat' dir='ltr'>legem</span> <span class='ocrx_word' id='word_1_139' title='bbox 549 1423 738 1464; x_wconf 75' lang='lat' dir='ltr'>Metiliam</span> <span class='ocrx_word' id='word_1_140' title='bbox 757 1425 804 1464; x_wconf 89' lang='lat' dir='ltr'>de</span> <span class='ocrx_word' id='word_1_141' title='bbox 820 1425 1035 1466; x_wconf 87' lang='lat' dir='ltr'>fullonibus</span> <span class='ocrx_word' id='word_1_142' title='bbox 1050 1429 1099 1467; x_wconf 89' lang='lat' dir='ltr'>ad</span> <span class='ocrx_word' id='word_1_143' title='bbox 1111 1428 1301 1480; x_wconf 85' lang='lat' dir='ltr'>populum</span> <span class='ocrx_word' id='word_1_144' title='bbox 1318 1431 1374 1470; x_wconf 83' lang='lat' dir='ltr'>fe-</span> 
     </span>
     <span class='ocr_line' id='line_1_21' title="bbox 78 1485 1373 1538; baseline 0.007 -14"><span class='ocrx_word' id='word_1_145' title='bbox 78 1486 241 1525; x_wconf 84' lang='lat' dir='ltr'>rendam</span> <span class='ocrx_word' id='word_1_146' title='bbox 257 1485 439 1525; x_wconf 55' lang='lat' dir='ltr'>vedere:</span> <span class='ocrx_word' id='word_1_147' title='bbox 475 1499 523 1524; x_wconf 88' lang='lat' dir='ltr'>ne</span> <span class='ocrx_word' id='word_1_148' title='bbox 548 1487 742 1526; x_wconf 85' lang='lat' dir='ltr'>minorum</span> <span class='ocrx_word' id='word_1_149' title='bbox 771 1489 929 1538; x_wconf 86' lang='lat' dir='ltr'>quidem</span> <span class='ocrx_word' id='word_1_150' title='bbox 959 1503 1084 1530; x_wconf 88' lang='lat' dir='ltr'>rerum</span> <span class='ocrx_word' id='word_1_151' title='bbox 1110 1503 1240 1532; x_wconf 89' lang='lat' dir='ltr'>curam</span> <span class='ocrx_word' id='word_1_152' title='bbox 1276 1494 1373 1533; x_wconf 88' lang='lat' dir='ltr'>tanti</span> 
     </span>
     <span class='ocr_line' id='line_1_22' title="bbox 81 1546 1376 1603; baseline 0.004 -17"><span class='ocrx_word' id='word_1_153' title='bbox 81 1547 321 1597; x_wconf 82' lang='lat' dir='ltr'>magistratus</span> <span class='ocrx_word' id='word_1_154' title='bbox 345 1546 535 1597; x_wconf 82' lang='lat' dir='ltr'>fastigium</span> <span class='ocrx_word' id='word_1_155' title='bbox 561 1547 749 1586; x_wconf 85' lang='lat' dir='ltr'>dedecere</span> <span class='ocrx_word' id='word_1_156' title='bbox 773 1549 855 1588; x_wconf 87' lang='lat' dir='ltr'>rati.</span> <span class='ocrx_word' id='word_1_157' title='bbox 887 1550 954 1588; x_wconf 85' lang='lat' dir='ltr'>Per</span> <span class='ocrx_word' id='word_1_158' title='bbox 980 1550 1083 1589; x_wconf 88' lang='lat' dir='ltr'>idem</span> <span class='ocrx_word' id='word_1_159' title='bbox 1109 1558 1261 1602; x_wconf 79' lang='lat' dir='ltr'>tempus</span> <span class='ocrx_word' id='word_1_160' title='bbox 1285 1552 1376 1603; x_wconf 74' lang='lat' dir='ltr'>llly-</span> 
     </span>
     <span class='ocr_line' id='line_1_23' title="bbox 84 1608 1374 1657; baseline 0.005 -9"><span class='ocrx_word' id='word_1_161' title='bbox 84 1610 232 1648; x_wconf 87' lang='lat' dir='ltr'>riorum</span> <span class='ocrx_word' id='word_1_162' title='bbox 262 1608 421 1648; x_wconf 83' lang='lat' dir='ltr'>rebellio</span> <span class='ocrx_word' id='word_1_163' title='bbox 455 1610 641 1648; x_wconf 82' lang='lat' dir='ltr'>Senatum</span> <span class='ocrx_word' id='word_1_164' title='bbox 668 1611 819 1657; x_wconf 86' lang='lat' dir='ltr'>movit,</span> <span class='ocrx_word' id='word_1_165' title='bbox 840 1618 883 1649; x_wconf 90' lang='lat' dir='ltr'>ut</span> <span class='ocrx_word' id='word_1_166' title='bbox 904 1610 961 1651; x_wconf 84' lang='lat' dir='ltr'>M.</span> <span class='ocrx_word' id='word_1_167' title='bbox 981 1611 1088 1651; x_wconf 89' lang='lat' dir='ltr'>Livio</span> <span class='ocrx_word' id='word_1_168' title='bbox 1114 1612 1171 1652; x_wconf 89' lang='grc' dir='ltr'>Μ.</span> <span class='ocrx_word' id='word_1_169' title='bbox 1189 1613 1229 1653; x_wconf 84' lang='lat' dir='ltr'>F.</span> <span class='ocrx_word' id='word_1_170' title='bbox 1248 1614 1304 1653; x_wconf 81' lang='lat' dir='ltr'>M.</span> <span class='ocrx_word' id='word_1_171' title='bbox 1324 1615 1374 1655; x_wconf 80' lang='lat' dir='ltr'>N.</span> 
     </span>
     <span class='ocr_line' id='line_1_24' title="bbox 83 1671 1375 1725; baseline 0.003 -13"><span class='ocrx_word' id='word_1_172' title='bbox 83 1671 307 1719; x_wconf 73' lang='lat' dir='ltr'>Salinatori,</span> <span class='ocrx_word' id='word_1_173' title='bbox 334 1672 372 1711; x_wconf 90' lang='lat' dir='ltr'>L.</span> <span class='ocrx_word' id='word_1_174' title='bbox 388 1672 545 1712; x_wconf 78' lang='lat' dir='ltr'>AEmilio</span> <span class='ocrx_word' id='word_1_175' title='bbox 572 1671 628 1711; x_wconf 78' lang='lat' dir='ltr'>M.</span> <span class='ocrx_word' id='word_1_176' title='bbox 656 1671 695 1711; x_wconf 86' lang='lat' dir='ltr'>F.</span> <span class='ocrx_word' id='word_1_177' title='bbox 717 1671 849 1711; x_wconf 86' lang='lat' dir='ltr'>Paullo</span> <span class='ocrx_word' id='word_1_178' title='bbox 880 1672 1102 1713; x_wconf 89' lang='lat' dir='ltr'>consulibus</span> <span class='ocrx_word' id='word_1_179' title='bbox 1130 1677 1375 1725; x_wconf 83' lang='lat' dir='ltr'>provinciam</span> 
     </span>
     <span class='ocr_line' id='line_1_25' title="bbox 79 1733 428 1775; baseline 0.003 -1"><span class='ocrx_word' id='word_1_180' title='bbox 79 1735 186 1775; x_wconf 84' lang='lat' dir='ltr'>illam</span> <span class='ocrx_word' id='word_1_181' title='bbox 217 1733 428 1775; x_wconf 81' lang='lat' dir='ltr'>mandaret.</span> 
     </span>
    </p>

    <p class='ocr_par' dir='ltr' id='par_1_4' title="bbox 84 1795 1381 2350">
     <span class='ocr_line' id='line_1_26' title="bbox 141 1795 1377 1852; baseline 0.005 -17"><span class='ocrx_word' id='word_1_182' title='bbox 141 1797 260 1839; x_wconf 88' lang='lat' dir='ltr'><strong>LIX..</strong></span> <span class='ocrx_word' id='word_1_183' title='bbox 295 1796 437 1836; x_wconf 88' lang='lat' dir='ltr'>Contra</span> <span class='ocrx_word' id='word_1_184' title='bbox 468 1795 687 1836; x_wconf 87' lang='lat' dir='ltr'>Demetrius</span> <span class='ocrx_word' id='word_1_185' title='bbox 721 1795 867 1837; x_wconf 90' lang='lat' dir='ltr'>bellum</span> <span class='ocrx_word' id='word_1_186' title='bbox 904 1800 938 1838; x_wconf 69' lang='grc' dir='ltr'>8ε</span> <span class='ocrx_word' id='word_1_187' title='bbox 969 1797 1047 1849; x_wconf 83' lang='lat' dir='ltr'>ipse</span> <span class='ocrx_word' id='word_1_188' title='bbox 1077 1798 1182 1840; x_wconf 85' lang='lat' dir='ltr'>haud</span> <span class='ocrx_word' id='word_1_189' title='bbox 1213 1800 1377 1852; x_wconf 81' lang='lat' dir='ltr'>segniter</span> 
     </span>
     <span class='ocr_line' id='line_1_27' title="bbox 86 1859 1377 1919; baseline -0.001 -19"><span class='ocrx_word' id='word_1_190' title='bbox 86 1872 312 1912; x_wconf 85' lang='lat' dir='ltr'>comparare</span> <span class='ocrx_word' id='word_1_191' title='bbox 339 1861 525 1910; x_wconf 86' lang='lat' dir='ltr'>instituit,</span> <span class='ocrx_word' id='word_1_192' title='bbox 554 1859 682 1900; x_wconf 87' lang='lat' dir='ltr'>valido</span> <span class='ocrx_word' id='word_1_193' title='bbox 706 1860 879 1912; x_wconf 80' lang='lat' dir='ltr'>praesidio</span> <span class='ocrx_word' id='word_1_194' title='bbox 907 1860 1103 1901; x_wconf 84' lang='lat' dir='ltr'>Dimalum</span> <span class='ocrx_word' id='word_1_195' title='bbox 1129 1863 1236 1919; x_wconf 78' lang='lat' dir='ltr'>misso</span> <span class='ocrx_word' id='word_1_196' title='bbox 1253 1895 1266 1911; x_wconf 90' lang='lat'>‚</span> <span class='ocrx_word' id='word_1_197' title='bbox 1292 1879 1377 1915; x_wconf 85' lang='lat' dir='ltr'>pro..</span> 
     </span>
     <span class='ocr_line' id='line_1_28' title="bbox 84 1920 1378 1973; baseline 0.002 -13"><span class='ocrx_word' id='word_1_198' title='bbox 84 1920 244 1972; x_wconf 77' lang='lat' dir='ltr'>visisque</span> <span class='ocrx_word' id='word_1_199' title='bbox 265 1920 470 1970; x_wconf 83' lang='lat' dir='ltr'>omnibus,</span> <span class='ocrx_word' id='word_1_200' title='bbox 491 1934 656 1972; x_wconf 89' lang='lat' dir='ltr'>quorum</span> <span class='ocrx_word' id='word_1_201' title='bbox 681 1923 729 1961; x_wconf 89' lang='lat' dir='ltr'>ad</span> <span class='ocrx_word' id='word_1_202' title='bbox 749 1921 903 1973; x_wconf 68' lang='lat' dir='ltr'>lffiigam</span> <span class='ocrx_word' id='word_1_203' title='bbox 931 1922 1186 1964; x_wconf 87' lang='lat' dir='ltr'>sustinendam</span> <span class='ocrx_word' id='word_1_204' title='bbox 1212 1927 1378 1967; x_wconf 63' lang='lat' dir='ltr'>obsidim</span> 
     </span>
     <span class='ocr_line' id='line_1_29' title="bbox 84 1979 1380 2040; baseline 0.005 -17"><span class='ocrx_word' id='word_1_205' title='bbox 84 1995 176 2023; x_wconf 89' lang='lat' dir='ltr'>nem</span> <span class='ocrx_word' id='word_1_206' title='bbox 198 1981 286 2021; x_wconf 89' lang='lat' dir='ltr'>usus</span> <span class='ocrx_word' id='word_1_207' title='bbox 311 1982 374 2022; x_wconf 86' lang='lat' dir='ltr'>est.</span> <span class='ocrx_word' id='word_1_208' title='bbox 410 1979 652 2033; x_wconf 79' lang='lat' dir='ltr'>Quibusdam</span> <span class='ocrx_word' id='word_1_209' title='bbox 679 1981 774 2024; x_wconf 89' lang='lat' dir='ltr'>locis</span> <span class='ocrx_word' id='word_1_210' title='bbox 797 1986 1083 2026; x_wconf 76' lang='lat' dir='ltr'>interficiendos</span> <span class='ocrx_word' id='word_1_211' title='bbox 1104 1989 1248 2028; x_wconf 89' lang='lat' dir='ltr'>curavit</span> <span class='ocrx_word' id='word_1_212' title='bbox 1268 1991 1380 2040; x_wconf 82' lang='lat' dir='ltr'>prin-</span> 
     </span>
     <span class='ocr_line' id='line_1_30' title="bbox 87 2043 1380 2099; baseline 0.008 -16"><span class='ocrx_word' id='word_1_213' title='bbox 87 2046 191 2097; x_wconf 85' lang='lat' dir='ltr'>cipes</span> <span class='ocrx_word' id='word_1_214' title='bbox 208 2075 219 2094; x_wconf 86' lang='lat'>,</span> <span class='ocrx_word' id='word_1_215' title='bbox 244 2043 292 2084; x_wconf 88' lang='lat' dir='ltr'>de</span> <span class='ocrx_word' id='word_1_216' title='bbox 319 2057 484 2095; x_wconf 88' lang='lat' dir='ltr'>quorum</span> <span class='ocrx_word' id='word_1_217' title='bbox 511 2044 588 2084; x_wconf 79' lang='lat' dir='ltr'>fide</span> <span class='ocrx_word' id='word_1_218' title='bbox 609 2045 831 2094; x_wconf 70' lang='lat' dir='ltr'>dubitabat,</span> <span class='ocrx_word' id='word_1_219' title='bbox 859 2047 1015 2099; x_wconf 85' lang='lat' dir='ltr'>aliisque</span> <span class='ocrx_word' id='word_1_220' title='bbox 1038 2049 1103 2088; x_wconf 80' lang='lat' dir='ltr'>fibi</span> <span class='ocrx_word' id='word_1_221' title='bbox 1131 2051 1294 2092; x_wconf 58' lang='lat' dir='ltr'>addictis</span> <span class='ocrx_word' id='word_1_222' title='bbox 1314 2067 1380 2092; x_wconf 90' lang='lat' dir='ltr'>re·-</span> 
     </span>
     <span class='ocr_line' id='line_1_31' title="bbox 90 2106 1380 2159; baseline 0.005 -13"><span class='ocrx_word' id='word_1_223' title='bbox 90 2109 222 2158; x_wconf 82' lang='lat' dir='ltr'>gimcn</span> <span class='ocrx_word' id='word_1_224' title='bbox 252 2106 407 2146; x_wconf 89' lang='lat' dir='ltr'>urbium</span> <span class='ocrx_word' id='word_1_225' title='bbox 436 2106 607 2148; x_wconf 75' lang='lat' dir='ltr'>tradidit,</span> <span class='ocrx_word' id='word_1_226' title='bbox 641 2121 687 2147; x_wconf 81' lang='lat' dir='ltr'>ex</span> <span class='ocrx_word' id='word_1_227' title='bbox 713 2109 819 2148; x_wconf 90' lang='lat' dir='ltr'>omni</span> <span class='ocrx_word' id='word_1_228' title='bbox 842 2122 930 2149; x_wconf 88' lang='lat' dir='ltr'>vcro</span> <span class='ocrx_word' id='word_1_229' title='bbox 949 2123 1066 2159; x_wconf 76' lang='lat' dir='ltr'>regno</span> <span class='ocrx_word' id='word_1_230' title='bbox 1094 2110 1286 2152; x_wconf 59' lang='lat' dir='ltr'>dclccffum</span> <span class='ocrx_word' id='word_1_231' title='bbox 1315 2127 1380 2153; x_wconf 83' lang='lat' dir='ltr'>ro-</span> 
     </span>
     <span class='ocr_line' id='line_1_32' title="bbox 87 2166 1380 2223; baseline 0.005 -14"><span class='ocrx_word' id='word_1_232' title='bbox 87 2166 161 2210; x_wconf 91' lang='lat' dir='ltr'>bur</span> <span class='ocrx_word' id='word_1_233' title='bbox 179 2201 188 2218; x_wconf 84' lang='lat'>,</span> <span class='ocrx_word' id='word_1_234' title='bbox 215 2169 279 2209; x_wconf 83' lang='lat' dir='ltr'>sex</span> <span class='ocrx_word' id='word_1_235' title='bbox 305 2169 424 2209; x_wconf 83' lang='lat' dir='ltr'>millia</span> <span class='ocrx_word' id='word_1_236' title='bbox 453 2170 649 2219; x_wconf 78' lang='lat' dir='ltr'>virorum,</span> <span class='ocrx_word' id='word_1_237' title='bbox 677 2170 805 2210; x_wconf 84' lang='lat' dir='ltr'>secum</span> <span class='ocrx_word' id='word_1_238' title='bbox 832 2173 880 2211; x_wconf 87' lang='lat' dir='ltr'>ad</span> <span class='ocrx_word' id='word_1_239' title='bbox 912 2173 1125 2223; x_wconf 70' lang='lat' dir='ltr'>pra‘lidium</span> <span class='ocrx_word' id='word_1_240' title='bbox 1150 2174 1258 2214; x_wconf 85' lang='lat' dir='ltr'>Phari</span> <span class='ocrx_word' id='word_1_241' title='bbox 1284 2178 1380 2216; x_wconf 87' lang='lat' dir='ltr'>reti-</span> 
     </span>
     <span class='ocr_line' id='line_1_33' title="bbox 87 2231 1381 2290; baseline 0.005 -18"><span class='ocrx_word' id='word_1_242' title='bbox 87 2232 184 2272; x_wconf 78' lang='lat' dir='ltr'>nuit.</span> <span class='ocrx_word' id='word_1_243' title='bbox 212 2232 313 2272; x_wconf 89' lang='lat' dir='ltr'>Dum</span> <span class='ocrx_word' id='word_1_244' title='bbox 332 2231 413 2272; x_wconf 77' lang='lat' dir='ltr'>haec</span> <span class='ocrx_word' id='word_1_245' title='bbox 440 2242 626 2282; x_wconf 71' lang='lat' dir='ltr'>aguntur,</span> <span class='ocrx_word' id='word_1_246' title='bbox 646 2233 690 2273; x_wconf 89' lang='lat' dir='ltr'>L.</span> <span class='ocrx_word' id='word_1_247' title='bbox 717 2233 865 2274; x_wconf 84' lang='lat' dir='ltr'>Paullus</span> <span class='ocrx_word' id='word_1_248' title='bbox 883 2235 1014 2274; x_wconf 86' lang='lat' dir='ltr'>consul</span> <span class='ocrx_word' id='word_1_249' title='bbox 1033 2250 1156 2287; x_wconf 81' lang='lat' dir='ltr'>primo</span> <span class='ocrx_word' id='word_1_250' title='bbox 1179 2250 1266 2276; x_wconf 86' lang='lat' dir='ltr'>vere</span> <span class='ocrx_word' id='word_1_251' title='bbox 1288 2253 1381 2290; x_wconf 77' lang='lat' dir='ltr'>pro·-</span> 
     </span>
     <span class='ocr_line' id='line_1_34' title="bbox 88 2293 1379 2350; baseline 0.005 -17"><span class='ocrx_word' id='word_1_252' title='bbox 88 2293 236 2343; x_wconf 63' lang='lat' dir='ltr'>festus,</span> <span class='ocrx_word' id='word_1_253' title='bbox 253 2294 292 2334; x_wconf 88' lang='lat' dir='ltr'>in</span> <span class='ocrx_word' id='word_1_254' title='bbox 310 2293 506 2346; x_wconf 86' lang='lat' dir='ltr'>Illyricum</span> <span class='ocrx_word' id='word_1_255' title='bbox 529 2295 658 2345; x_wconf 80' lang='lat' dir='ltr'>venit3</span> <span class='ocrx_word' id='word_1_256' title='bbox 686 2296 959 2348; x_wconf 78' lang='lat' dir='ltr'>intellectoque</span> <span class='ocrx_word' id='word_1_257' title='bbox 974 2328 985 2346; x_wconf 90' lang='lat'>,</span> <span class='ocrx_word' id='word_1_258' title='bbox 1007 2311 1188 2350; x_wconf 79' lang='lat' dir='ltr'>magnam</span> <span class='ocrx_word' id='word_1_259' title='bbox 1211 2299 1284 2340; x_wconf 81' lang='lat' dir='ltr'>csse</span> <span class='ocrx_word' id='word_1_260' title='bbox 1302 2301 1379 2341; x_wconf 71' lang='lat' dir='ltr'>ho-</span> 
     </span>
    </p>
   </div>
   <div class='ocr_carea' id='block_1_3' title="bbox 95 2416 1381 2552">
    <p class='ocr_par' dir='ltr' id='par_1_5' title="bbox 95 2416 1381 2552">
     <span class='ocr_line' id='line_1_35' title="bbox 140 2416 1381 2499; baseline 0.005 -50"><span class='ocrx_word' id='word_1_261' title='bbox 140 2419 163 2461; x_wconf 78' lang='lat'><strong>§</strong></span> <span class='ocrx_word' id='word_1_262' title='bbox 188 2419 290 2451; x_wconf 78' lang='lat' dir='ltr'><strong>LVII.</strong></span> <span class='ocrx_word' id='word_1_263' title='bbox 317 2416 397 2453; x_wconf 78' lang='lat' dir='ltr'>Just.</span> <span class='ocrx_word' id='word_1_264' title='bbox 417 2432 458 2460; x_wconf 86' lang='lat'>2,</span> <span class='ocrx_word' id='word_1_265' title='bbox 490 2433 516 2453; x_wconf 93' lang='lat'>1.</span> <span class='ocrx_word' id='word_1_266' title='bbox 535 2420 654 2465; x_wconf 84' lang='lat' dir='ltr'>Polyb.</span> <span class='ocrx_word' id='word_1_267' title='bbox 679 2432 718 2463; x_wconf 77' lang='lat'>3,</span> <span class='ocrx_word' id='word_1_268' title='bbox 744 2422 794 2455; x_wconf 85' lang='lat'>16.</span> <span class='ocrx_word' id='word_1_269' title='bbox 820 2422 965 2467; x_wconf 81' lang='lat' dir='ltr'>Appian.</span> <span class='ocrx_word' id='word_1_270' title='bbox 988 2423 1080 2499; x_wconf 58' lang='lat' dir='ltr'>ngr.</span> <span class='ocrx_word' id='word_1_271' title='bbox 1106 2422 1126 2463; x_wconf 67' lang='lat' dir='ltr'>S</span> <span class='ocrx_word' id='word_1_272' title='bbox 1156 2422 1271 2454; x_wconf 81' lang='lat' dir='ltr'>LVIII.</span> <span class='ocrx_word' id='word_1_273' title='bbox 1303 2421 1381 2471; x_wconf 55' lang='grc' dir='ltr'>[ᾖν.</span> 
     </span>
     <span class='ocr_line' id='line_1_36' title="bbox 97 2465 1377 2507; baseline -0.005 -3"><span class='ocrx_word' id='word_1_274' title='bbox 97 2471 137 2506; x_wconf 81' lang='lat'>²3</span> <span class='ocrx_word' id='word_1_275' title='bbox 155 2489 163 2504; x_wconf 73' lang='lat'>²</span> <span class='ocrx_word' id='word_1_276' title='bbox 186 2475 246 2506; x_wconf 69' lang='lat'>32⁵</span> <span class='ocrx_word' id='word_1_277' title='bbox 272 2476 289 2496; x_wconf 82' lang='lat'><em>2</em></span> <span class='ocrx_word' id='word_1_278' title='bbox 315 2465 348 2497; x_wconf 64' lang='grc' dir='ltr'>δέ</span> <span class='ocrx_word' id='word_1_279' title='bbox 373 2476 391 2507; x_wconf 81' lang='lat'><em>9</em></span> <span class='ocrx_word' id='word_1_280' title='bbox 408 2489 416 2506; x_wconf 84' lang='lat'>‚</span> <span class='ocrx_word' id='word_1_281' title='bbox 436 2465 497 2506; x_wconf 77' lang='lat'>46,</span> <span class='ocrx_word' id='word_1_282' title='bbox 525 2478 576 2507; x_wconf 88' lang='lat'>14.</span> <span class='ocrx_word' id='word_1_283' title='bbox 600 2467 741 2502; x_wconf 83' lang='lat' dir='ltr'>Caffiod.</span> <span class='ocrx_word' id='word_1_284' title='bbox 768 2467 880 2503; x_wconf 81' lang='lat' dir='ltr'>Festus</span> <span class='ocrx_word' id='word_1_285' title='bbox 908 2479 994 2502; x_wconf 68' lang='lat' dir='ltr'>voce</span> <span class='ocrx_word' id='word_1_286' title='bbox 1038 2468 1138 2500; x_wconf 64' lang='lat' dir='ltr'>‘iscus</span> <span class='ocrx_word' id='word_1_287' title='bbox 1166 2468 1264 2499; x_wconf 48' lang='lat' dir='ltr'>Flam‘</span> <span class='ocrx_word' id='word_1_288' title='bbox 1292 2467 1377 2502; x_wconf 75' lang='lat' dir='ltr'>Plru,</span> 
     </span>
     <span class='ocr_line' id='line_1_37' title="bbox 95 2518 236 2552; baseline -0.035 0"><span class='ocrx_word' id='word_1_289' title='bbox 95 2518 157 2552; x_wconf 83' lang='lat'>35,</span> <span class='ocrx_word' id='word_1_290' title='bbox 187 2519 236 2547; x_wconf 85' lang='lat'>¹7·</span> 
     </span>
    </p>
   </div>
   <div class='ocr_carea' id='block_1_4' title="bbox 163 2562 1088 2612">
    <p class='ocr_par' dir='ltr' id='par_1_6' title="bbox 163 2562 1088 2612">
     <span class='ocr_line' id='line_1_38' title="bbox 163 2562 1088 2612; baseline 0.004 -4"><span class='ocrx_word' id='word_1_291' title='bbox 163 2564 213 2611; x_wconf 89' lang='lat' dir='ltr'>T.</span> <span class='ocrx_word' id='word_1_292' title='bbox 231 2565 322 2611; x_wconf 73' lang='lat' dir='ltr'>Liv.</span> <span class='ocrx_word' id='word_1_293' title='bbox 345 2567 442 2612; x_wconf 82' lang='lat' dir='ltr'><em>Vol.</em></span> <span class='ocrx_word' id='word_1_294' title='bbox 461 2566 549 2612; x_wconf 83' lang='lat' dir='ltr'><em>III.</em></span> <span class='ocrx_word' id='word_1_295' title='bbox 1049 2562 1088 2612; x_wconf 76' lang='lat' dir='ltr'><strong>Y</strong></span> 
     </span>
    </p>
   </div>
  </div>
 </body>
</html>
