1701 3008
289 225 380 272 272
447 201 1072 256 JO.FREINSHEM11
1118 198 1470 250 SUPPLEM.

285 317 420 357 teriam
441 312 726 365 apportantium
752 308 1009 348 nihilominus
1029 320 1143 358 agger
1164 306 1368 355 cresceret,
1388 303 1568 358 foffaeque

286 376 643 427 complanarentur‚
676 371 806 410 relicto
842 370 910 409 isto
942 368 1099 408 consilio
1135 370 1288 407 murum
1318 369 1436 408 alium
1465 371 1570 409 inte·

284 440 423 477 riorem
448 432 744 475 exstruxerunt}
775 430 961 471 indefeffo
991 431 1039 470 ad
1066 431 1197 470 omnia
1225 430 1475 480 Himilcone,
1504 431 1570 482 qui

284 510 416 552 praeter
440 496 624 536 urbanam
651 495 939 535 multitudinem
955 523 965 540 ,
985 492 1304 531 mercenariorum
1321 493 1457 531 decem
1478 492 1572 531 mil-

284 564 385 602 libus
409 560 609 599 instruetus
622 589 633 606 .,
652 559 731 596 vim
756 569 912 596 omnem
934 555 1147 603 dolumque
1166 553 1331 594 hostium
1350 554 1569 605 sagacitate,

282 622 502 674 vigilantia,
530 619 819 669 constantiaque
846 616 1040 656 eludebat.
1073 614 1144 655 Ille
1171 615 1268 654 nihil
1293 629 1417 666 neque
1441 615 1571 655 remis<

281 686 368 724 sum
395 683 499 734 apud
520 680 605 721 suos
620 712 631 729 ‚
652 693 779 729 neque
798 688 925 717 tutum
946 676 1048 727 apud
1073 676 1196 715 hostes
1218 677 1436 726 patiebatur
1451 691 1461 726 3
1479 691 1570 728 op&

280 747 386 786 ribus
412 756 552 794 opera,
582 740 767 779 cuniculis
801 738 1020 785 cuniculos,
1045 736 1159 775 armis
1186 748 1289 775 arma
1318 739 1566 787 opponebat:

279 811 380 848 inter
402 807 485 846 haec
507 805 604 855 saepe
629 802 891 853 eruptionibus
918 791 1150 850 pugnatum,
1168 797 1265 836 adeo
1289 809 1568 848 nonnunquam

279 867 472 914 ferociter,
484 873 527 903 ut
540 863 644 903 haud
657 863 869 913 pauciores,
886 872 1000 911 quam
1019 858 1115 907 justa
1130 866 1257 907 pugna
1272 858 1408 896 cadere
1424 857 1570 906 solent,

281 925 538 968 tumultuariis
552 925 625 964 istis
638 922 908 962 certaminibus
927 920 1235 960 defiderarentur.
1253 919 1354 958 Inter
1370 931 1473 968 quae,
1494 918 1568 957 Ro-

281 991 405 1031 manis
422 1000 551 1028 muros
569 985 886 1032 suffodientibus,
908 996 982 1033 quo
1006 981 1168 1020 subrutis
1187 981 1450 1019 fundamentis
1472 993 1567 1019 con-

282 1053 482 1099 ciderent,
504 1048 673 1090 Himilco
696 1061 742 1086 ex
766 1045 922 1086 adverso
952 1042 1150 1083 cuniculos
1177 1042 1237 1092 agi
1257 1041 1360 1091 jussit
1374 1073 1383 1089 ,
1400 1041 1466 1079 ubi
1489 1042 1569 1081 Ro-

286 1126 419 1153 manos
442 1120 583 1151 terram
605 1121 757 1160 egerere
779 1106 1113 1146 animadverterat.
1143 1103 1214 1142 His
1237 1102 1375 1141 deinde
1396 1102 1569 1152 protinus
1592 1104 1596 1110 '

282 1175 426 1226 apertis
454 1181 621 1212 armatos
653 1171 832 1218 immisit,
858 1171 923 1220 qui
955 1169 1080 1208 nudos
1113 1169 1147 1206 ἃ
1175 1165 1281 1216 operi
1307 1166 1474 1204 intentos
1503 1165 1568 1203 su-

279 1238 366 1278 bito
383 1234 561 1286 aggreffi,
586 1232 728 1272 multos
755 1227 1032 1271 interemerunt
1053 1243 1062 1277 3
1082 1240 1206 1277 neque
1230 1226 1427 1277 pauciores
1443 1257 1454 1274 7
1472 1228 1569 1266 dum

282 1311 401 1349 opem
426 1296 499 1334 suis
528 1295 640 1334 laturi
670 1295 719 1333 ad
747 1289 875 1331 muros
901 1297 1129 1335 accurrunt,
1152 1287 1348 1327 sarmentis
1369 1289 1408 1326 in
1432 1287 1568 1327 foffam.

281 1361 495 1411 conjectis,
525 1358 663 1397 deinde
690 1356 877 1402 incensis,
909 1359 1213 1392 concremarunt.

337 1424 384 1462 V.
425 1419 617 1461 Gliscebat
651 1428 780 1457 tamen
816 1418 855 1455 in
883 1416 1019 1455 animis
1047 1413 1280 1453 obsessorum
1308 1424 1426 1463 pavor
1453 1419 1569 1460 utque

284 1483 562 1531 consternatio,
591 1494 666 1532 qua
692 1480 794 1520 abufi
823 1479 941 1518 duces
968 1478 1125 1528 quidam
1145 1473 1570 1524 mercenariorum,fifa

279 1548 411 1603 pendia
425 1546 495 1597 fibi
521 1559 588 1583 non
607 1559 650 1582 ex
662 1544 739 1594 fide
754 1542 880 1594 soluta
903 1547 1156 1592 praetexentes
1173 1569 1184 1584 ‚
1202 1538 1251 1577 de
1267 1536 1464 1588 prodenda
1489 1535 1567 1574 Ro-

284 1610 408 1650 manis
437 1608 533 1646 urbe
565 1605 718 1646 consilia
750 1607 973 1645 iniverunt:
1017 1604 1176 1642 minime
1206 1601 1452 1646 dubitantes,
1476 1598 1568 1648 quin

285 1673 371 1712 suos
389 1669 546 1721 quisque
568 1668 707 1707 milites
734 1667 846 1706 facile
862 1667 1055 1706 illec‘turus
1073 1664 1162 1703 effet
1178 1663 1226 1702 ad
1246 1661 1444 1713 probanda
1457 1690 1467 1707 ,
1485 1672 1568 1709 qua:

285 1741 497 1785 agerentur.
530 1731 664 1781 Itaque
689 1733 802 1769 nocte
826 1731 990 1780 quadam
1015 1728 1113 1766 clam
1143 1739 1191 1765 ex
1214 1724 1359 1774 oppido
1385 1722 1432 1760 ad
1453 1720 1569 1759 castra

288 1797 554 1836 Romanorum
578 1791 715 1842 elapsi,
737 1791 874 1831 statum
900 1790 1003 1829 urbis
1032 1787 1207 1835 obsess'ae‚
1230 1788 1266 1825 δι
1291 1785 1385 1835 quid
1412 1783 1477 1833 ipfi
1501 1795 1570 1832 pa-

288 1864 439 1904 rarent,
465 1853 735 1904 exposuerunt.
781 1852 927 1903 Agebat
958 1861 1041 1890 tum
1068 1852 1166 1889 inter
1194 1845 1474 1892 mercenarios,
1502 1844 1566 1893 qui

286 1920 446 1970 Lilybaei
473 1926 600 1967 erant,
619 1917 768 1956 Alexon
793 1916 948 1966 quidam
962 1945 973 1964 ,
999 1913 1158 1954 Achaeus
1178 1922 1314 1962 genere
1330 1940 1341 1958 ‚
1362 1909 1419 1947 vir
1442 1919 1568 1956 neque

286 1981 508 2021 militarium
535 1980 672 2018 artium
698 1979 828 2026 rudis,
851 1979 886 2017 ἃ
909 1977 1069 2016 eximius
1096 1975 1184 2013 fide.
1215 1974 1276 2020 Is,
1309 1967 1568 2010 animadverso

286 2043 529 2093 proditorum
555 2041 740 2089 consilio,
764 2053 845 2078 rem
866 2040 913 2078 ad
940 2037 1201 2078 Himilconem
1226 2034 1412 2073 continuo
1434 2030 1566 2081 defert.

288 2102 463 2144 Himilco
479 2135 492 2152 ,
519 2112 561 2143 ut
583 2105 621 2142 in
648 2115 787 2153 magno
813 2101 1015 2141 &instanti
1039 2108 1144 2138 metu
1169 2095 1266 2136 nihil
1293 2103 1474 2140 conatus,
1492 2092 1568 2130 du·-

288 2178 351 2205 ccs
376 2166 699 2205 mercenariorum
714 2194 725 2212 ‚
745 2172 840 2214 quot
856 2175 988 2203 eorum
1009 2160 1138 2200 adhuc
1155 2158 1310 2211 Lilybaei
1332 2163 1438 2195 erant
1450 2185 1460 2201 ,
1478 2157 1569 2192 con-'

290 2237 430 2267 vocat:
461 2227 554 2277 quid
588 2241 609 2265 a
643 2226 780 2277 quibus
814 2233 979 2264 tentetur
1013 2223 1197 2274 exponit,
1228 2219 1367 2269 eosque
1405 2216 1566 2267 graviter

289 2288 436 2328 incusat
459 2302 467 2327 :
500 2289 675 2328 hortatur
697 2285 920 2337 praesenteS,
936 2302 977 2324 ne
996 2283 1198 2323 temeritatis
1220 2281 1254 2318 δ’
1268 2279 1422 2334 perfidia
1441 2278 1565 2315 aliena:

282 2351 469 2402 palti-effers
497 2348 558 2399 eff}
579 2348 716 2386 velint.-
741 2347 778 2384 in
794 2347 869 2397 fide
889 2345 1184 2399 perseverantibus
1207 2343 1340 2394 integra
1364 2340 1460 2392 apud
1485 2341 1567 2377 Cn·-

290 2410 529 2464 clizginiensbs
558 2410 696 2455 omnia,
724 2406 933 2459 stipendium
961 2417 1084 2444 certum
1101 2433 1112 2453 ,
1136 2405 1280 2458 praemia
1307 2415 1433 2454 magna
1455 2399 1535 2454 fore
1554 2414 1566 2438 5

337 2526 358 2568 ξ
384 2524 442 2555 IV.
466 2523 587 2556 Zonar.
612 2521 753 2555 Diodor.
782 2520 900 2562 Polyb.
