1701 3008
282 254 367 301 IN
400 253 564 301 Loc.
607 251 1157 300 L1ss.xv11L1v.
1298 266 1394 317 219

102 363 233 415 ipsum
265 365 301 404 ὃ(
330 362 504 402 tribunos
533 361 729 408 militum,
774 361 874 412 quali
904 361 952 400 de
980 359 1268 400 conditionibus
1302 372 1394 398 cum

104 428 227 469 Poeno
254 426 477 475 locuturos,
509 425 616 466 suam
646 427 687 464 in
720 425 917 464 triremem
949 423 1174 475 pellexisset.
1199 422 1397 463 venienti-

109 489 182 530 bus
207 489 354 538 inJ‘eetae
378 488 463 528 sunt
491 497 661 528 catenae:
689 500 765 537 quo
789 496 933 526 terrore
960 498 1048 525 cum
1076 485 1194 524 ceteri
1218 484 1296 524 fine
1319 494 1397 521 eer-

106 554 259 590 tamine
290 551 329 590 se
355 550 622 599 tradidiffent3
653 550 804 590 Boodes
841 547 1003 588 navibus
1041 545 1221 586 omnibus
1251 546 1398 596 potitus

108 614 283 662 captivos
305 612 576 663 Carthaginem
609 611 721 651 misit.

168 674 212 715 V.
243 673 376 714 Simile
408 687 502 713 mox
531 674 637 714 Poeni
665 673 773 712 ducis
802 680 1005 724 peccatum
1031 671 1131 720 fuit,
1162 681 1286 720 eoque
1314 681 1401 708 ma-

108 739 203 788 joris
230 737 450 788 opprobrii,
487 737 593 788 quod
622 749 748 787 neque
773 735 939 776 Romani
967 734 1129 773 consulis
1151 731 1402 783 incogitantia

48 813 50 815 ·
111 814 194 841 tam
223 801 369 840 recenti
400 799 579 851 exemplo
609 801 657 840 ad
690 799 912 843 cautionem
949 797 1163 848 profuisset.
1202 796 1403 835 Didicerat

111 862 330 903 Romanam
349 860 503 902 classem
518 893 529 911 ‚
546 863 655 911 juxta
680 861 769 900 litus
795 857 973 900 Italicum
992 857 1076 897 vela
1099 857 1329 903 facientem,
1353 854 1404 893 ad

108 924 254 965 fretum
277 926 436 964 tendere
451 956 462 974 ,
489 937 614 975 neque
630 922 765 974 procul
780 922 904 962 abeffe
919 924 997 971 jam
1022 919 1139 971 posi'e.
1182 917 1316 958 volens
1337 916 1404 966 igi-

110 996 178 1027 tur
200 1000 286 1027 eam
321 1000 369 1026 ex
395 987 612 1038 propinquo
639 986 896 1033 considerare,
924 992 967 1023 ut
988 994 1193 1021 numerum
1224 980 1404 1027 navium,

115 1053 156 1090 ἃ
182 1062 264 1101 quae
290 1051 330 1088 in
355 1063 457 1089 novo
485 1050 654 1088 instituto
684 1048 871 1089 Romanis
895 1046 1042 1097 agilitas
1071 1047 1107 1084 ἃ
1134 1043 1324 1083 habitudo
1353 1041 1407 1080 es-

113 1112 197 1159 set,
225 1122 402 1150 accurate
428 1110 699 1162 cognosceret,
724 1122 812 1148 cum
834 1108 996 1148 navibus
1021 1107 1298 1159 quinquaginta
1320 1116 1408 1153 pro-

111 1173 319 1214 ficiscitur:
349 1173 500 1212 securus
528 1173 674 1221 futuri,
698 1173 732 1212 ἅ
757 1169 868 1211 classe
883 1200 895 1219 ,
918 1177 961 1208 ut
980 1169 1021 1207 in
1048 1167 1158 1206 cursu
1174 1174 1257 1204 tuto
1283 1163 1408 1209 solet,

115 1237 278 1288 navigiis
305 1244 448 1275 temere
473 1235 698 1286 permixtis,
716 1246 850 1285 parum
874 1231 1097 1282 compofita.
1139 1229 1258 1280 Igitur
1278 1228 1316 1266 in
1340 1227 1410 1266 fie-

117 1311 170 1340 ΧΠ
198 1298 399 1349 cujusdam
423 1298 678 1349 promontorii
709 1309 798 1335 cum
819 1296 859 1334 in
884 1295 1100 1335 Romanam
1126 1292 1280 1332 claffem
1306 1289 1409 1329 ordi-

110 1373 168 1400 «ιε
197 1361 407 1400 commodo
427 1360 669 1411 navigantem
696 1356 820 1397 subito
842 1356 970 1396 illatus
997 1355 1112 1403 effet3
1148 1362 1236 1393 ante
1263 1353 1408 1398 vicum,

117 1436 237 1475 quam
256 1424 304 1463 ad
322 1437 493 1475 pugnam
522 1435 653 1474 parare
676 1421 713 1460 se
740 1419 943 1472 potuifl'et‚
970 1418 1100 1458 amissa
1130 1416 1279 1456 meliori
1303 1423 1410 1466 parte

119 1487 305 1535 navium,
331 1486 531 1537 postquam
557 1485 637 1536 ipse
662 1496 816 1535 quoque
848 1484 898 1523 ad
921 1491 1140 1522 extremum
1166 1478 1326 1531 periculi
1347 1491 1414 1518 ve-

119 1547 257 1598 nisset,
286 1560 376 1587 cum
414 1548 549 1587 ceteris
577 1547 639 1586 vix
665 1545 813 1596 effugit.

177 1609 241 1650 VI.
269 1609 412 1649 Victrix
441 1608 589 1655 classis,
617 1607 774 1658 cognito
804 1604 974 1646 Cornelii
1000 1603 1118 1665 casu,
1148 1600 1257 1641 simul
1287 1600 1336 1640 ad
1369 1599 1412 1639 C

120 1669 298 1712 Duilium
336 1671 435 1710 mifit
466 1670 645 1716 nuntios,
672 1668 737 1719 qui
771 1667 880 1706 suum
909 1668 1119 1705 adventum
1151 1663 1185 1703 ei
1222 1660 1416 1713 fignifica-

124 1733 382 1781 rent;s1mul
407 1733 455 1772 ad
480 1730 662 1782 proelium
695 1730 732 1768 se
757 1728 943 1779 parabat,
968 1727 1072 1778 quod
1094 1733 1237 1764 ceteras
1259 1723 1418 1763 Cartha·

121 1795 351 1844 ginienfium
369 1806 482 1834 naves
502 1791 729 1844 propinquis
745 1791 840 1830 locis
856 1803 966 1841 agere
984 1795 1235 1838 compererat.
1249 1785 1303 1824 ibi
1321 1786 1418 1825 dum

125 1854 298 1894 sollicitis
333 1855 468 1895 animis
499 1852 750 1898 incommoda
777 1851 929 1891 suarum
959 1851 1116 1889 navium
1151 1848 1420 1896 considerant,

124 1915 263 1967 eisque
291 1919 376 1957 rudi
402 1930 518 1968 opere
542 1915 805 1960 constructas,
831 1926 853 1952 a
880 1913 1033 1953 Punicis
1069 1910 1274 1950 velocitate
1301 1909 1392 1947 lon-1
1372 1923 1418 1956 „ge

124 1976 293 2027 inperari
326 1986 530 2028 reputant3
567 1976 674 2016 venit
700 1975 855 2014 cuidam
890 1973 930 2011 in
952 1980 1123 2032 mentem
1152 1969 1340 2009 machinae
1369 1968 1419 2007 'td

126 2039 515 2090 comprehendendas
541 2038 707 2078 hostium
731 2049 846 2075 naves
869 2033 1127 2084 tenendasque
1159 2031 1287 2078 utilis,
1305 2044 1422 2082 quam

129 2103 381 2154 postmodum
408 2116 531 2141 corvos
558 2112 811 2140 vocaverunt.
854 2100 937 2148 ejus
967 2097 1050 2135 haec
1081 2096 1206 2134 torma
1236 2094 1322 2134 fuit.
1355 2093 1422 2133 Ti-

131 2178 251 2212 gnum
279 2173 360 2204 erat
389 2166 534 2204 rectum
562 2174 659 2201 teres
677 2193 688 2209 ,
714 2171 876 2210 quatuor
907 2158 1016 2199 ulnas
1050 2157 1235 2207 longum,
1256 2155 1422 2196 crassitie

129 2226 378 2275 dodrantali,
406 2225 619 2266 trochleam
654 2227 692 2263 in
724 2224 874 2262 summo
904 2221 1076 2261 habens:
1111 2219 1203 2258 huic
1233 2220 1274 2257 in
1310 2231 1422 2269 prora

131 2291 238 2328 navis
268 2289 398 2329 defixo
437 2288 641 2339 aptabatur
670 2286 767 2325 scala
803 2286 867 2324 sex
900 2283 1005 2322 ulnas
1036 2282 1134 2329 lata,
1163 2281 1278 2331 longa
1305 2280 1424 2330 pedes

132 2362 326 2401 quatuor,
362 2352 573 2403 composita
611 2364 657 2390 ex
689 2348 901 2389 transversis
942 2346 1107 2393 tabulis,
1134 2357 1226 2395 quas
1266 2341 1424 2392 impacti

130 2413 228 2454 clavi
255 2415 363 2454 ferrei
391 2415 549 2454 firmiter
597 2411 871 2452 continebant:
898 2411 935 2448 in
966 2423 1009 2448 ea
1038 2407 1219 2447 machina
1249 2406 1424 2444 foramen

132 2540 303 2630 ςὶἶῖζὲ
307 2540 433 2628 ἷὲῐιῑυ.
467 2542 584 2586 Polyb.
611 2553 719 2581 1,21.
755 2541 829 2573 L'u.
850 2539 938 2583 lpnt.
968 2549 1017 2578 17.
1042 2539 1172 2570 1-1υιιι3.
1193 2546 1273 2575 2,‘·
1261 2560 1290 2567 ...
1322 2531 1426 2564 Oros.
