1701 3008
244 150 373 228 ἰε
509 167 511 169 ’
666 173 893 222 TITI
962 173 1236 224 Ltvtt

311 284 490 350 trepide
521 284 689 332 deserta
713 280 924 347 fuerant)
962 282 1152 346 potitur.
1189 283 1293 330 inde
1325 283 1374 331 in
1392 282 1611 335 Faliscum

311 376 468 424 agrum
503 357 648 420 copiis
682 355 912 415 reductis,
951 372 1054 402 cum
1087 355 1409 419 impedimenta
1429 359 1612 407 Faleriis

311 452 420 482 cum
448 432 633 480 modico
654 429 863 494 praefidio
883 428 1127 493 reliquisset
1146 467 1159 489 ,
1182 432 1398 495 expedito
1430 434 1613 498 agmine

311 511 369 555 ad
395 506 741 570 depopulandos
761 504 957 561 hostium
977 503 1087 564 fines
1109 505 1295 554 incedit.
1329 507 1502 554 Omnia
1522 507 1613 555 fer-

311 599 367 628 ro
406 581 592 646 ignique
621 579 886 636 vastantur3
923 579 1084 642 praedae
1114 580 1318 644 undique
1352 581 1489 628 afilae:
1525 598 1612 630 nec

311 654 462 702 solum
495 653 637 700 modo
674 653 852 702 vastum
889 653 1011 700 hosti
1043 653 1280 715 relictum,
1317 654 1392 702 sed
1423 655 1613 704 castellis

310 729 449 775 etiam
475 727 677 792 vicisque
712 728 860 776 illatus
889 727 1030 792 ignis:
1066 728 1251 794 urbibus
1290 731 1613 795 oppugnandis

311 813 611 865 temperatum
634 837 650 859 ,
692 800 739 847 in
765 817 875 865 quas
901 801 1041 847 timor
1069 801 1281 849 Etruscos
1310 804 1612 866 compulerat.

312 879 401 925 Cn.
430 875 581 924 Fulvii
608 875 804 922 consulis
833 876 951 923 clara
982 892 1134 940 pugna
1155 876 1203 922 in
1233 877 1418 924 Samnio
1444 879 1500 925 ad
1516 880 1611 925 Bo-

311 952 504 1001 vianum
527 950 873 1014 haudquaquam
903 949 1123 1013 ambiguae
1152 951 1359 1000 victoriae
1393 952 1493 1000 fuit.
1517 955 1612 1000 Bo-

313 1027 503 1073 vianum
535 1024 639 1071 inde
670 1023 923 1088 aggressus,
958 1040 1042 1071 nec
1070 1023 1133 1071 ita
1161 1024 1307 1072 multo
1343 1027 1444 1089 post
1477 1025 1611 1074 Aufi-

313 1100 475 1147 denam
505 1099 554 1147 vi
584 1097 718 1162 cepit.

381 1175 501 1222 XuI.
533 1174 707 1220 Eodem
738 1188 861 1219 anno
891 1171 1132 1221 Carseolos
1162 1171 1349 1221 colonia
1378 1173 1424 1220 in
1453 1191 1610 1239 agrum

315 1248 665 1311 AEquicolorum
693 1248 893 1295 deducta.
924 1247 1111 1295 Fulvius
1142 1243 1301 1294 consul
1324 1248 1379 1294 de
1401 1248 1614 1296 Samniti·

314 1322 397 1371 bus
418 1323 732 1386 triumphavit.
755 1324 872 1370 Cum
893 1321 1080 1369 comitia
1097 1321 1352 1369 consularia
1373 1321 1613 1382 instarent,

316 1397 434 1443 fama
464 1407 650 1454 exorta,
686 1396 897 1444 Etruscos
926 1395 1231 1459 Samnitesque
1258 1386 1462 1458 ingentes
1492 1410 1612 1443 con-

315 1470 508 1519 scribere
532 1470 753 1518 exercitus
773 1488 783 1518 t
820 1470 966 1534 palam
1001 1469 1213 1516 omnibus
1235 1468 1446 1517 conciliis
1469 1486 1613 1517 vexa-

317 1544 358 1591 ri
391 1543 618 1606 principes
652 1542 975 1602 Etruscorum,
1005 1542 1133 1607 quod
1169 1559 1265 1589 non
1296 1541 1458 1590 Gallos
1498 1560 1612 1609 qua-

317 1634 497 1681 cunque
527 1618 794 1665 conditione
825 1616 1048 1672 traxerint,
1074 1615 1128 1662 ad
1154 1613 1321 1662 bellum
1344 1631 1355 1660 :
1383 1613 1611 1677 increpari

318 1691 598 1755 magistratus
634 1691 932 1747 Samnitium,
964 1689 1091 1754 quod
1120 1687 1366 1735 exercitum
1397 1686 1613 1736 adversus

317 1766 548 1813 Lucanum
583 1765 756 1812 hostem
788 1775 1123 1827 comparatum,
1155 1758 1409 1824 objecerint
1437 1761 1614 1807 Roma·-

319 1842 389 1888 nis
419 1860 429 1888 :
466 1842 616 1905 itaque
654 1842 739 1889 suis
776 1841 1096 1904 sociorumque
1125 1838 1300 1886 viribus
1336 1836 1613 1902 consurgere

318 1917 471 1964 hostes
496 1919 549 1963 ad
573 1917 767 1974 bellum,
788 1919 836 1964 &
862 1915 1207 1978 haudquaquam
1237 1913 1330 1975 pari
1359 1911 1614 1977 defungen-

321 1990 427 2036 dum
448 1991 531 2036 effe
561 1989 816 2037 certamine.
853 1988 939 2036 Hic
970 2001 1150 2046 terror,
1175 2004 1279 2035 cum
1310 1985 1499 2033 illustres
1521 1985 1614 2034 viri

320 2063 604 2125 consulatum
637 2073 871 2126 peterent,
895 2078 1054 2108 omnes
1087 2060 1133 2107 in
1161 2062 1222 2120 Q.
1247 2058 1426 2105 Fabium
1459 2059 1614 2105 Maxi-

321 2153 474 2193 mum,
506 2137 657 2198 primo
686 2152 782 2183 non
818 2146 1075 2198 petentem,
1116 2133 1306 2189 deinde,
1334 2144 1386 2178 ut
1416 2131 1614 2179 inclina-

319 2222 364 2257 ta
385 2208 524 2254 studia
552 2209 693 2268 vidit,
716 2208 847 2256 etiam
875 2206 1177 2264 recusantem,
1204 2203 1450 2254 convertit.
1491 2207 1616 2267 Quid

309 2285 362 2346 sc
383 2284 481 2339 jam
504 2286 647 2343 senem
668 2319 684 2339 ‚
721 2302 771 2328 ac
795 2282 1061 2344 perfimffzcm
1101 2283 1313 2334 laboribus
1349 2281 1615 2339 laborumque

315 2360 528 2419 pnemiis,
542 2359 820 2416 sollicitarent
837 2360 861 2403 ἓ
892 2361 978 2403 Nec
1006 2358 1211 2417 corporiS,
1241 2374 1314 2401 nec
1340 2354 1477 2399 animi
1495 2356 1615 2415 vigo-

320 2452 401 2480 rem
429 2449 630 2478 remanere
663 2435 830 2477 eundem
848 2450 863 2478 .·
896 2430 938 2478 ὃ·
959 2433 1186 2491 fortunam
1219 2431 1353 2491 ipsttm
1382 2430 1534 2482 vereri,
1564 2445 1615 2472 nc

321 2508 390 2553 cui
420 2509 610 2553 Deorum
641 2508 777 2552 nimia
793 2504 894 2563 jam
923 2508 969 2551 in
984 2506 1036 2566 fi
1054 2539 1069 2567 ,
1103 2502 1146 2551 δ’
1175 2504 1456 2570 constantior,
1491 2517 1616 2560 quam
