1701 3008
296 209 390 268 408
647 205 1209 254 T1T1L1v11
1515 242 1616 267 ,Γ

297 333 394 362 non
422 313 580 361 fefellit
597 312 769 376 vigiles.
804 315 978 361 Tantus
1000 324 1186 377 repente
1212 312 1387 362 clamor
1405 314 1466 363 est
1486 315 1582 366 sub-

297 391 439 443 latus,
469 401 517 435 ut
543 389 782 436 Placentiae
815 406 1000 453 quoque
1037 390 1279 438 audiretur.
1316 394 1468 456 Itaque
1504 394 1583 442 sub

296 465 443 510 lucem
479 479 577 509 cum
605 463 806 526 equitatu
833 463 991 511 consul
1011 465 1191 529 aderat,
1221 463 1341 526 juffis
1362 459 1583 529 quadrato

293 534 468 596 agmine
489 534 745 597 legionibus
763 536 902 600 sequi.
927 537 1140 601 Equestre
1165 537 1382 599 proelium
1400 539 1582 588 interim

294 605 600 653 commifl'um:
629 607 678 654 in
704 623 828 671 quo,
855 609 962 671 quia
989 608 1158 656 saucius
1175 610 1401 657 Hannibal
1432 629 1584 677 pugna

293 681 505 741 excessit,
526 698 699 744 pavore
734 682 938 732 hostibus
969 683 1160 746 injeeto,
1195 683 1424 732 defensum
1458 703 1582 750 egre-

294 757 365 818 gie
397 757 651 820 praesidium
683 758 757 805 est.
794 760 1054 806 Paucorum
1086 758 1190 805 inde
1221 758 1394 806 dierum
1431 759 1581 824 quiete

292 828 463 886 sumta,
493 830 542 877 &
571 828 761 875 vixdum
795 828 895 876 satis
931 841 1171 891 percurato
1189 829 1405 890 vulnere,
1427 831 1483 878 ad
1501 831 1582 879 Vi-

290 901 508 949 Ctumvias
541 902 605 948 ire
642 901 786 964 pergit
809 903 1152 966 oppugnandas.
1197 904 1246 950 Id
1273 906 1529 969 emporium
1555 925 1582 954 a

290 972 513 1021 Romanis
544 975 727 1022 Gallico
759 977 882 1023 hello
914 975 1057 1023 fuerat
1091 976 1331 1025 munitum.
1368 978 1472 1026 inde
1507 979 1580 1026 lo-

290 1067 393 1095 cum
424 1049 821 1110 frequentaverant
857 1051 1026 1100 accolae
1055 1051 1186 1099 mixti
1214 1052 1414 1117 undique
1436 1070 1494 1101 ex
1521 1053 1578 1100 fi-

288 1121 460 1169 nitimis
491 1123 702 1185 populis;
740 1127 792 1173 &
824 1136 917 1172 tum
950 1137 1099 1174 terror
1133 1127 1484 1190 populationum
1518 1145 1578 1177 eo

287 1195 526 1260 plerosque
546 1214 602 1244 ex
628 1198 743 1262 agris
766 1199 1064 1262 compulerat.
1099 1199 1243 1262 Hujus
1266 1202 1441 1264 generis
1462 1202 1579 1250 mul-

287 1267 437 1314 titudo
454 1306 467 1327 ,
494 1269 611 1317 fama
636 1271 827 1335 impigre
854 1272 1021 1319 defensi
1050 1272 1106 1319 ad
1123 1272 1396 1321 Placentiam
1425 1274 1576 1336 praefi-

286 1340 350 1386 dii
369 1342 580 1400 accensa,
614 1345 747 1391 armis
777 1344 962 1408 arreptis
993 1344 1183 1393 obviam
1202 1345 1445 1394 Hannibali
1466 1364 1577 1410 pro·-

288 1413 421 1460 cedit.
451 1415 596 1479 Magis
624 1417 828 1480 agmina,
863 1436 999 1482 quam
1029 1419 1174 1477 acies,
1206 1419 1255 1466 in
1280 1419 1356 1466 via
1382 1436 1576 1468 concur-

287 1498 421 1543 runt3
451 1489 521 1544 δε,
543 1505 647 1535 cum
678 1505 735 1536 ex
756 1489 894 1538 altera
915 1502 1038 1552 parte
1060 1491 1203 1549 nihil,
1223 1504 1385 1556 praeter
1410 1493 1578 1554 incon-

286 1558 424 1605 ditam
443 1561 615 1608 turbam
632 1598 646 1620 ,
670 1562 799 1621 esset,
819 1562 866 1608 in
885 1562 1023 1610 altera
1054 1565 1104 1611 δε
1122 1564 1216 1610 dux
1242 1563 1402 1618 militi,
1427 1566 1477 1613 δέ
1495 1565 1576 1613 du·-

287 1632 331 1679 ci
362 1631 503 1680 fidens
535 1635 691 1693 miles,
722 1634 778 1681 ad
810 1635 992 1699 triginta
1023 1636 1222 1700 quinque
1246 1629 1390 1684 ‘i'nillia
1418 1637 1574 1685 homi-

284 1724 394 1754 num
427 1726 449 1755 a
477 1710 632 1772 paucis
666 1710 776 1758 fusa.
812 1711 999 1758 Postero
1035 1711 1105 1759 die
1123 1747 1138 1772 ,
1166 1712 1397 1760 deditione
1427 1712 1539 1760 facta
1558 1749 1572 1771 ,

286 1782 537 1841 praefidium
559 1785 675 1831 intra
691 1784 860 1832 moenia
880 1802 1114 1848 accepere:
1133 1785 1325 1850 juffique
1343 1803 1464 1834 arma
1481 1798 1573 1835 tra-

286 1853 389 1899 dere
419 1852 521 1901 cum
551 1857 671 1904 dicio
707 1858 975 1921 paruiffent,
1008 1859 1183 1923 fignum
1210 1873 1396 1924 repente
1421 1860 1573 1907 victo·
1608 1888 1612 1892 ,

285 1927 408 1975 ribus
444 1930 602 1990 datur,
629 1943 677 1977 ut
707 1947 916 1994 tanquam
946 1932 993 1980 vi
1023 1944 1198 1996 captam
1223 1934 1381 1981 urbem
1400 1933 1570 1996 diripe-

284 2010 398 2045 rent.
433 2017 577 2065 neque
610 2003 726 2062 ulla,
755 2022 857 2067 quae
877 2004 924 2051 in
949 2004 1027 2050 tali
1054 2021 1100 2051 re
1129 2005 1435 2054 memorabilis
1467 2005 1572 2054 scri-

285 2068 492 2118 bentibus
513 2073 659 2120 videri
687 2074 825 2133 soler,
853 2076 1140 2138 praetermissa
1169 2078 1316 2125 clades
1343 2077 1429 2125 est:
1455 2078 1570 2125 adeo

283 2142 434 2189 omnis
461 2144 688 2204 libidinis,
724 2148 1111 2212 crudelitatisque,
1143 2151 1203 2197 &
1213 2150 1471 2197 inhumanae
1494 2147 1568 2196 su·-

281 2215 448 2279 perbiae
476 2218 682 2265 editum
673 2237 717 2265 in
746 2219 930 2268 miseros
949 2221 1011 2267 est
1039 2222 1310 2285 exemplum.
1345 2222 1427 2268 Hae
1444 2221 1568 2270 fuere

281 2277 479 2334 hibernae
514 2292 823 2351 expeditiones
842 2294 1119 2342 Hannibalis·

345 2361 425 2405 LV
408 2365 497 2407 111
534 2365 666 2410 Haud
700 2365 849 2428 longis
882 2367 986 2414 inde
1018 2367 1327 2430 temporibus,
1360 2367 1465 2416 dum
1494 2368 1566 2415 in-

280 2430 532 2479 tolerabilia
562 2435 729 2498 frigora
749 2452 902 2496 erant,
932 2439 1060 2502 quies
1093 2439 1225 2486 militi
1261 2441 1359 2487 data
1393 2440 1485 2488 est:
1514 2442 1564 2489 ὅ(

278 2502 331 2548 ad
364 2505 506 2567 prima
535 2523 585 2555 ac
620 2507 750 2556 dubia
772 2509 891 2574 signa
923 2510 1041 2560 veris
1070 2512 1295 2575 profectus
1324 2530 1378 2559 ex
1408 2512 1561 2559 hiber-

1666 0 1701 232 l,

1688 228 1700 270 l
