1701 3008
262 184 345 232 IN
399 174 1231 231 LOC.L113.XV111L1V.
1311 184 1400 235 235

126 291 260 344 pedito
291 290 488 331 haberent.
524 289 656 339 Itaque
681 269 964 338 pugnacissimis
998 280 1211 332 quibusque
1238 276 1409 318 militum

129 354 170 394 in
197 367 310 395 naves
329 353 536 404 impositis,
565 360 726 402 quatuor
750 348 899 396 claffes,
920 354 1104 396 tanquam
1129 342 1302 393 ejusdem
1326 341 1412 380 uni-

129 417 244 456 versoe
269 425 394 467 partes
423 414 610 461 totidem,
637 411 796 450 faciunt.
821 409 1016 458 legionem
1042 407 1207 457 primam
1233 404 1273 442 in
1291 403 1414 454 prima

131 478 270 526 dasse,
295 478 388 517 duas
420 476 619 527 sequentes
658 474 791 513 ordine
823 471 890 511 suo
926 470 1182 510 constituunt:
1212 469 1254 506 in
1279 473 1414 517 quarta

131 541 326 581 collocant
358 540 520 579 triarios.

185 603 254 643 ΙΙΙ.
289 602 368 642 Has
396 602 523 652 copias
556 601 607 638 ita
631 597 864 648 disponunt,
895 601 940 633 ut
969 592 1120 644 singulis
1148 590 1311 630 navibus
1334 597 1418 627 tre-

127 666 219 706 ceni
243 666 429 716 remiges,
452 662 590 701 milites
611 674 700 699 vero
723 658 877 699 centeni
898 657 1019 696 viceni
1037 654 1246 693 vehantur:
1271 653 1324 690 ita
1350 663 1418 688 nu-

132 739 263 765 merus
287 726 488 764 hominum
508 723 547 761 in
564 721 735 761 universa
751 719 862 759 class'e
879 718 927 757 ad
947 716 1066 756 millia
1086 724 1240 754 centum
1256 713 1420 763 quadra-

136 788 243 838 ginta
256 786 476 826 accedebat.
498 785 613 824 Hunc
625 795 786 821 numeru
794 795 830 820 m
846 779 1039 829 aliquanto
1058 777 1286 828 superabant
1300 775 1419 822 Poeni,

134 848 222 900 plus
242 857 395 887 centum
413 845 688 898 quinquaginta
705 843 874 884 millibus
892 841 1095 881 hominum
1108 831 1354 879 adducentes,
1375 837 1422 877 Et

135 910 308 951 militum
337 911 495 964 quidem
525 921 644 959 genus
674 921 750 959 prae
779 906 853 945 suis
876 905 980 956 parvi
1007 902 1203 943 faciebant
1223 899 1420 939 consules:

135 974 260 1012 ma‘or
280 985 325 1011 ea
345 970 570 1010 deliberatio
583 977 687 1016 erat,
702 980 792 1007 cum
809 968 846 1005 in
863 966 940 1005 alto
959 965 1053 1004 mari
1074 963 1327 1014 pugnandum
1342 961 1425 999 fere

133 1036 356 1085 appareret,
388 1033 451 1076 ubi
474 1031 647 1071 celeritas
672 1031 827 1070 navium
849 1030 885 1068 δε
909 1027 1207 1079 gubernatorum
1225 1033 1322 1062 artes
1342 1021 1426 1072 plu-

137 1098 279 1136 timum
297 1095 425 1135 valent
439 1125 450 1144 ‚
478 1107 556 1146 quo
581 1094 714 1133 ordine
739 1090 913 1131 adversus
939 1089 1038 1128 istud
1059 1087 1261 1127 discrimen
1281 1082 1427 1134 aptissi-

139 1173 205 1201 me
238 1158 420 1208 componi
456 1157 556 1196 acies
588 1155 721 1207 polset.
758 1154 949 1205 postremo
980 1151 1168 1190 rationem
1201 1147 1427 1188 instruendae

143 1222 266 1263 classis
301 1222 420 1261 talem
454 1221 600 1260 ineunt.
646 1219 817 1259 Hexeres
841 1216 957 1264 duas,
981 1212 1121 1265 quibus
1157 1210 1330 1251 consules
1359 1209 1429 1260 ipsi

140 1285 384 1326 vehebantur
396 1313 407 1331 ‚
424 1275 565 1333 pariter
584 1281 624 1319 in
641 1280 768 1319 fronte
792 1279 981 1317 statuunt:
1010 1276 1160 1325 utrique
1177 1274 1313 1313 harum
1338 1271 1430 1311 hinc

142 1348 306 1399 primam
328 1345 420 1384 inde
440 1342 649 1382 secundam
671 1340 822 1380 class'em
848 1338 963 1389 longa
992 1340 1028 1376 &
1054 1335 1215 1386 limplici
1243 1334 1334 1374 serie
1359 1346 1431 1372 an-

146 1412 335 1458 nec‘tunt,
361 1410 413 1448 ita
445 1406 643 1446 collocatis
676 1404 862 1451 navibus,
898 1411 947 1441 ut
969 1403 1145 1440 omnium
1181 1413 1303 1450 prorae
1332 1398 1432 1437 foras

148 1469 320 1512 obversae
340 1471 478 1510 essent:
499 1467 732 1518 hexeresque
751 1465 1037 1517 propemodum
1063 1465 1281 1513 conjunCtae
1307 1462 1429 1507 irent,

150 1535 337 1586 proximae
361 1532 420 1571 his
443 1531 594 1583 longius
615 1532 712 1570 inter
737 1529 774 1569 se
795 1528 1111 1579 digrederentur:
1130 1533 1244 1576 atque
1258 1524 1310 1564 ita
1327 1524 1435 1564 dein-

149 1590 240 1648 ceps
263 1596 427 1646 spatium
447 1595 545 1632 inter
572 1593 665 1649 duas
694 1590 885 1643 oppositas
913 1601 1026 1629 naves
1056 1586 1232 1628 relietum
1259 1598 1349 1625 cum
1379 1585 1434 1636 ip-

149 1660 197 1697 iis
229 1656 428 1696 ordinibus
451 1653 646 1693 cresceret.

203 1719 267 1759 lv.
297 1717 359 1758 Sic
391 1717 552 1756 minimo
583 1716 682 1755 inter
710 1714 849 1766 primas
878 1725 1016 1761 naves,
1045 1711 1216 1751 maximo
1240 1710 1338 1749 inter
1367 1696 1436 1759 ῥο-

149 1780 305 1820 stremas
331 1777 554 1827 intervallo,
570 1789 659 1816 cum
685 1789 731 1820 ex
759 1775 907 1815 duabus
927 1774 1002 1814 istis
1027 1773 1201 1813 clastibus
1227 1772 1352 1811 forma
1372 1783 1438 1808 cu-

149 1849 270 1881 neatae
298 1841 394 1880 aciei
419 1839 553 1879 effecta
574 1839 665 1879 effet
680 1869 690 1887 ‚
718 1838 869 1878 tertiam
887 1837 1027 1877 deinde
1048 1835 1239 1886 legionem
1257 1833 1439 1872 admove-

154 1910 244 1942 runt
263 1916 270 1942 :
299 1915 381 1952 quae
416 1901 576 1952 srmplici
600 1901 753 1954 navium
775 1901 910 1940 ordine
934 1898 1096 1949 spatium
1114 1897 1211 1936 istud
1230 1896 1326 1934 inter
1342 1894 1441 1945 prio-

154 1977 214 2004 res
250 1964 343 2003 duas
379 1972 555 2014 apertum
585 1973 824 2015 praetexens,
858 1964 1081 2012 triquetram
1112 1959 1228 1998 totius
1258 1957 1351 1997 aciei
1388 1956 1442 1996 fa-

151 2029 253 2069 ciem
282 2027 493 2067 exhiberet.
539 2028 641 2067 Pone
666 2027 790 2073 hanc,
807 2040 828 2066 a
858 2035 962 2076 tergo
990 2024 1107 2064 tertiae
1135 2021 1278 2069 claffis,
1303 2021 1444 2072 hippa-

155 2093 261 2143 gines
288 2090 444 2130 funibus
473 2091 660 2130 tractoriis
689 2090 737 2129 ad
771 2102 885 2128 naves
913 2088 1161 2128 tertianorum
1190 2083 1444 2135 pertingenti·

158 2154 230 2194 bus
249 2152 420 2193 remulco
444 2151 703 2192 trahebantur.
740 2151 917 2192 Postremi
943 2150 1118 2190 omnium
1143 2147 1259 2187 triarii
1282 2146 1444 2185 navibus

157 2231 274 2258 unam
298 2218 338 2256 in
364 2217 527 2266 seriem,
551 2216 615 2256 sed
645 2215 964 2255 semicircularem
999 2213 1234 2263 exporrectis
1267 2210 1320 2249 ita
1346 2209 1445 2261 prio-

160 2293 219 2320 res
239 2280 466 2328 ambibunt,
481 2288 525 2320 ut
545 2280 592 2320 ab
614 2288 776 2329 utroque
799 2280 923 2318 cornu'
938 2278 1211 2329 prominerent.
1235 2275 1292 2315 Ita
1317 2282 1444 2313 totum

162 2356 302 2394 corpus
331 2342 458 2382 fronte
484 2355 576 2383 cava
593 2375 604 2393 ‚
628 2342 824 2393 postremis
855 2340 1026 2393 partibus
1058 2339 1186 2379 solidis
1204 2369 1215 2386 ,
1243 2337 1348 2377 rostri
1380 2349 1446 2374 na-

161 2402 256 2442 valis
274 2402 565 2442 {imilitudinem
590 2401 840 2454 praeferebat:
870 2414 947 2442 non
968 2402 1093 2441 minus
1117 2400 1164 2440 ad
1190 2396 1445 2439 sustinendam

204 2517 228 2562 S
254 2515 296 2550 11.
325 2514 425 2552 Oros.
450 2527 496 2559 4,
515 2516 548 2551 8.
