1701 3008
242 196 330 246 IN
372 194 552 244 LOC.
593 190 918 241 LIB.XIX
950 191 1102 239 LIV.
1267 189 1362 240 281>

75 306 233 347 navium
255 304 531 353 vincebantur,
559 301 713 343 armatis
734 307 884 340 tantum
911 299 1145 351 nonaginta,
1168 297 1285 350 longe
1305 306 1364 339 ta-

78 381 169 409 men
190 368 302 408 rebus
328 368 409 407 aliis
439 366 653 417 superiores
679 371 796 403 erant.
823 375 914 402 nam
942 363 978 402 δι
1001 360 1162 401 navibus
1189 361 1366 400 meliori-

77 428 178 477 bus,
204 431 240 469 ἃ
276 425 588 468 exercitatissimo
618 425 764 475 remige
800 422 1030 463 utebantur:
1070 420 1202 461 locum
1230 430 1364 460 autem

77 504 217 542 pugnae
234 489 354 529 sortiti
377 497 485 529 erant
504 486 857 528 commodiffimum
870 515 880 535 ‚
895 492 937 524 ut
952 484 1099 534 quoties
1114 490 1339 535 urgerentur
1353 511 1369 531 ,

77 552 245 592 liberum
269 552 308 590 in
337 564 440 590 mare
465 559 665 601 receptum
690 548 896 594 haberent,
917 546 1121 585 velocitate
1148 544 1212 584 sua
1237 558 1284 584 ex
1307 544 1367 584 fa-

78 612 148 652 cili
172 612 230 652 vel
262 611 399 652 elusuri
418 611 568 650 hostem
594 609 794 648 instantem
811 639 822 657 ‚
840 607 902 646 vel
918 607 1034 646 etiam
1058 607 1083 646 fi
1109 606 1263 658 longius
1280 619 1367 658 pro-

79 675 324 726 sequeretur,
354 671 667 714 circumventuri.
710 671 895 711 Romanis
925 680 1057 711 contra
1084 672 1133 711 ad
1169 671 1257 711 litus
1291 685 1368 723 ap-

78 736 211 788 prellis
232 739 273 776 in
298 739 400 776 arcto
417 736 569 775 omnia:
594 746 673 773 non
693 745 915 785 procurrere
940 732 1062 772 libero
1085 736 1234 784 impetu
1248 764 1260 782 ‚
1285 746 1367 772 non

78 798 254 838 inhibere
280 805 364 836 tuto
390 803 591 848 poterant:
620 794 686 834 sed
710 795 860 845 quoties
884 802 1043 846 urgente
1068 794 1175 834 hoste
1203 802 1370 834 retroce-

81 861 253 909 debant,
281 869 346 899 aut
365 871 498 911 puppe
518 859 559 896 in
588 856 722 896 sabulo
747 854 945 896 deficiente
971 856 1189 906 haerebant,
1210 867 1278 897 aut
1297 858 1368 896 im-

78 924 182 974 pacti
206 921 381 961 litoribus
410 918 737 971 periclitabantur.

134 993 248 1034 XXI.
276 992 336 1032 Ita
370 1004 458 1030 cum
488 1004 613 1042 neque
633 1003 882 1042 perrumpere
908 989 1075 1029 hostium
1098 989 1273 1030 ordinem
1291 1021 1301 1039 ‚
1331 991 1371 1031 δε

79 1054 206 1096 rursus
235 1070 257 1096 a
289 1065 396 1107 tergo
427 1055 607 1094 invadere
639 1053 814 1105 possent,
843 1054 893 1094 ob
925 1055 1149 1094 tarditatem
1182 1056 1338 1095 navium
1358 1086 1372 1106 ‚

80 1120 347 1171 remigumque
362 1117 595 1169 imperitiam
611 1131 621 1165 ;
640 1129 764 1167 neque
780 1117 832 1156 ob
848 1117 1034 1168 angustias
1053 1116 1228 1156 locorum
1243 1148 1255 1164 ‚
1270 1117 1370 1157 intra

82 1196 167 1233 quae
189 1181 353 1222 conclusi
381 1188 514 1226 erant,
539 1178 804 1219 laborantibus
831 1178 904 1218 suiS
929 1192 1042 1229 opem
1063 1192 1082 1217 a
1104 1179 1225 1230 puppi
1248 1179 1369 1225 ferre,

82 1246 242 1295 impune
269 1256 290 1282 a
316 1240 688 1291 Carthaginiensibus
712 1240 960 1280 vexabantur.
991 1241 1050 1280 Ad
1076 1239 1143 1278 has
1169 1240 1373 1279 difficulta-

83 1316 141 1347 tes
164 1306 367 1346 accesserat
392 1307 426 1344 ἃ
449 1304 520 1343 alia
546 1303 819 1354 desperationis
846 1317 894 1344 ex
924 1302 1110 1354 religione
1137 1303 1272 1343 causa:
1301 1304 1373 1343 ira-

83 1382 159 1420 que
195 1369 352 1407 deorum
381 1366 418 1405 se
440 1366 562 1416 premi
596 1366 776 1403 rebantur
809 1366 858 1404 ob
890 1366 1142 1404 temeritatem
1177 1365 1372 1413 consulis,

85 1431 159 1482 qui
179 1438 311 1469 contra
335 1427 503 1479 auspicia
530 1439 700 1478 pugnare
726 1426 972 1476 sustinuisset,
999 1428 1048 1467 ad
1073 1430 1290 1477 izsggle‘ffum
1316 1442 1373 1467 re-

84 1494 275 1545 ligionum
302 1491 415 1530 etiam
438 1489 671 1529 contumelia
700 1490 845 1531 addita.
877 1489 1003 1530 Pullos
1030 1492 1135 1530 enim
1152 1522 1163 1540 ,
1185 1491 1371 1541 quoniam

83 1570 164 1595 non
190 1554 464 1607 pascebantur,
486 1554 525 1592 in
556 1565 659 1591 mare
683 1553 914 1603 praecipitari
942 1552 1123 1602 jusserat,
1139 1565 1176 1591 m
1196 1554 1371 1602 biberent,

84 1619 225 1674 quando
254 1617 315 1670 effi
337 1617 493 1655 nollent.-
528 1629 572 1654 ea
605 1627 688 1663 τες,
720 1623 903 1666 tanquam
934 1616 1060 1660 invitis
1091 1616 1270 1666 iratisque
1299 1615 1374 1655 diis

88 1681 336 1733 proeliantes,
365 1680 414 1719 ad
441 1679 572 1718 omnia
600 1677 788 1728 segniores
810 1679 1097 1730 timidioresque
1122 1679 1274 1720 fecerat.
1300 1679 1376 1719 Sed

88 1743 155 1795 ipfi
183 1742 302 1782 cladis
325 1742 495 1791 auctori,
517 1754 606 1780 cum
637 1749 762 1780 cetera
795 1742 1039 1793 perdidisset,
1073 1744 1121 1784 ad
1155 1743 1192 1782 se
1226 1742 1380 1793 conser-

86 1807 281 1855 vandum,
307 1819 380 1846 nec
403 1807 625 1858 ingenium,
647 1818 720 1845 nec
747 1807 906 1847 audacia
934 1808 1070 1847 defuit.
1108 1808 1265 1859 Quippe
1286 1820 1377 1848 cum

87 1882 203 1910 naves
220 1869 302 1908 suas
319 1869 452 1921 passim
477 1870 636 1920 deprimi
656 1869 816 1920 capique
829 1871 1000 1920 videret,
1017 1870 1186 1910 assumtis
1201 1871 1376 1922 triginta,

89 1944 173 1981 quse
203 1931 388 1981 proximae
421 1931 688 1981 constiterant,
712 1932 808 1970 inter
833 1932 921 1971 litus
951 1935 986 1972 δε
1014 1932 1191 1973 hostilem
1221 1933 1378 1974 classem

89 1991 238 2043 elapsus
255 1993 331 2032 est:
357 1995 391 2034 ἃ
414 2007 490 2044 quo
510 1995 628 2034 tutior
645 1995 693 2033 ad
716 1993 994 2045 Lilybaetanum
1014 1996 1224 2035 exercitum
1247 2008 1378 2046 recep-

90 2065 152 2094 tus
178 2054 278 2093 foret
294 2056 669 2106 (praetcrnaviganda
689 2058 793 2095 enim
818 2057 1024 2097 Poenorum
1048 2066 1155 2098 erant
1177 2057 1379 2114 praefidia)

89 2130 205 2157 naves
230 2118 270 2156 in
292 2117 456 2168 speciem
487 2119 706 2158 victricium
733 2119 856 2158 ornari
881 2119 996 2169 juffit.

144 2187 282 2228 XXII.
314 2187 369 2227 lta
397 2187 521 2227 Poenis
546 2188 741 2228 vicroriam
771 2203 887 2239 penes
914 2188 1108 2228 consulem
1135 2188 1267 2237 fuisse,
1296 2187 1383 2228 reli-

93 2247 258 2298 quasque
292 2262 408 2288 naves
433 2251 515 2298 ejus
550 2263 639 2288 mox
670 2250 859 2290 secuturas
885 2251 1132 2302 putantibus,
1154 2263 1233 2289 non
1261 2250 1381 2289 modo

93 2317 197 2349 tutus
225 2311 258 2349 ei
286 2311 456 2361 reditus,
489 2310 556 2351 sed
588 2313 703 2351 etiam
733 2312 904 2352 hostibus
933 2312 1139 2361 terribilis,
1166 2310 1381 2362 Lilybaeum

141 2436 162 2475 Ε
185 2435 260 2468 XX.
284 2436 389 2469 Diod.
417 2449 483 2479 24,
508 2451 535 2471 r.
564 2438 683 2483 Polyb.
714 2451 750 2478 r,
779 2449 827 2472 rr.
860 2441 880 2468 ‘3
906 2439 999 2472 XXI.
1028 2440 1173 2484 Eutrop.
1195 2441 1219 2472 l.
1244 2450 1276 2471 2.
1304 2438 1378 2469 cic.

97 2480 138 2513 de
161 2480 237 2512 Nat.
264 2481 365 2514 Deor.
388 2493 405 2513 2
422 2509 430 2521 ‚
450 2493 479 2525 3.
507 2484 594 2518 Flor.
627 2495 668 2523 2,
695 2495 726 2516 2.
753 2484 829 2515 Val.
860 2484 952 2519 Max.
994 2496 1005 2518 1
1023 2511 1032 2527 ,
1054 2496 1098 2526 4,
1132 2496 1162 2526 5.
1187 2485 1282 2519 Suet.
1302 2483 1381 2516 Tib·

97 2536 128 2558 c.
146 2535 178 2569 3.
202 2524 318 2561 From.
341 2526 444 2561 Strat.
471 2538 511 2569 2,
537 2539 589 2573 13·
612 2527 732 2574 Polyb.
756 2540 767 2562 1
788 2554 797 2568 ‚
817 2540 870 2571 5¹·
