1701 3008
317 183 398 231 IN
437 178 1155 228 Loc.L113.xv1.L1V.
1291 192 1384 239 207

90 289 251 332 scerent.
280 291 364 331 Post
389 289 472 329 haec
499 291 534 329 &
564 287 638 327 alia
660 300 741 326 non
764 285 920 335 majoris
947 284 1137 324 momenti
1153 279 1388 336 gesta‚cum

91 354 220 394 hiems
247 352 491 397 immineret,
518 349 696 401 praefidiis
723 361 789 399 per
812 356 1031 398 opportuna
1057 345 1142 385 loca
1171 344 1390 395 dispositis,

93 418 270 458 consules
291 448 304 465 ‚
334 416 480 466 reliquo
511 413 684 453 exercitu
720 414 760 451 in
791 411 942 452 Italiam
974 416 1196 459 reportato,
1221 409 1389 449 Romam

94 480 304 519 redierunt.
354 476 412 517 lbi
439 476 496 516 M.
523 474 704 522 Valerio,
727 474 838 522 cujus
869 485 916 511 eo
951 471 1054 511 bello
1082 470 1232 510 felicior
1255 472 1291 511 ἃ
1316 471 1392 511 uti-

94 538 170 579 lior
203 551 320 590 opera
356 537 507 584 fuerat,
539 533 762 585 triumphus
798 533 997 581 decretus,
1019 543 1145 589 ‘quem
1174 539 1261 570 ante
1286 531 1392 571 diem

95 601 193 642 XVI
219 601 410 641 Kalendas
436 597 583 650 Apriles
612 598 662 636 de
689 597 816 637 Poenis
846 598 881 636 ἃ
905 596 1012 646 Rege
1044 594 1265 635 Siculorum
1290 595 1392 634 Hie-

97 676 193 703 rone
213 664 339 703 duxit.
368 661 662 702 Praetervec‘tum
684 659 783 697 inter
798 656 918 708 spolia
942 657 1190 708 horologium
1211 657 1285 696 effe
1301 658 1390 697 ideo

96 731 328 762 annotatum
352 722 430 770 est,
456 721 544 771 quia
572 732 632 759 res
658 720 708 759 ad
733 732 820 759 earn
855 719 957 758 diem
983 719 1238 770 imcomperta
1257 720 1393 760 Romae

99 786 237 826 fuerat.
266 786 307 824 id
338 784 475 824 Catina
506 789 661 832 recepta
698 782 971 832 deportatum,
997 781 1137 820 deinde
1166 783 1206 820 in
1234 782 1393 833 publico

100 848 316 889 secundum
349 846 512 894 Rostra,
542 845 582 883 in
612 843 795 883 columna
824 842 999 883 Valerius
1028 844 1168 885 statuit.
1206 845 1394 895 Idemque

100 912 294 961 tabulam,
311 912 351 950 in
370 923 443 961 qua
460 907 666 960 proelium,
686 920 763 958 quo
778 907 917 948 Poenos
941 909 976 948 &
992 907 1204 947 Hieronem
1222 909 1393 956 vicerat,

101 978 301 1029 depictum
330 975 427 1022 fuit,
458 975 501 1013 in
523 972 640 1012 latere
671 972 794 1012 Curiae
827 971 998 1012 Hostiliae
1029 970 1253 1022 proposuit3
1288 971 1397 1021 quod

100 1048 194 1079 ante
220 1051 311 1078 eum
335 1037 429 1077 fecit
454 1049 596 1085 nemo,
620 1035 748 1086 postea
775 1033 963 1085 plerique.

158 1103 336 1145 XLVIII.
370 1100 554 1142 Meffallae
579 1112 798 1150 cognomen
819 1097 910 1136 huic
935 1095 1089 1136 Valerio
1112 1095 1160 1135 ab
1181 1095 1275 1135 urbe
1299 1094 1399 1136 Mes-

104 1168 193 1208 sana
219 1168 385 1206 inditum
404 1164 513 1204 fuisse
538 1164 708 1204 constat:
731 1162 796 1201 sed
820 1163 960 1210 miror,
984 1159 1032 1198 ab
1055 1172 1099 1198 ea
1116 1168 1228 1211 capta
1244 1157 1399 1207 haessss'e,

104 1245 187 1271 non
214 1229 508 1270 contemnendis
531 1226 751 1266 auetoribus
776 1226 911 1273 credi;
942 1236 1032 1262 cum
1056 1223 1185 1273 potius
1212 1223 1301 1262 ideo
1327 1223 1400 1262 im-

106 1293 273 1345 positum
306 1292 394 1343 ipsae
427 1304 486 1330 res
531 1290 728 1329 evidenter
764 1296 949 1339 arguant,
982 1286 1086 1336 quod
1124 1284 1339 1326 Messanam
1378 1299 1403 1325 a

107 1355 236 1394 Poenis
259 1356 295 1394 ἃ
318 1354 489 1394 Hierone
515 1351 676 1391 disceffu
704 1350 819 1401 Appii
842 1349 991 1389 Claudii
1015 1349 1140 1388 acrius
1160 1349 1404 1398 infestatam,

110 1417 185 1458 iliis
207 1417 416 1463 submotis,
445 1416 520 1454 hoc
543 1412 816 1461 reconciliato,
843 1410 1045 1451 liberasset.
1076 1411 1178 1452 Inter
1205 1411 1287 1452 haec
1311 1426 1404 1453 cum.

109 1479 240 1520 adhuc
267 1475 480 1530 pestilentia
501 1484 656 1517 vexaret
687 1475 855 1523 Urbem,
881 1475 1108 1514 dictatorem
1132 1474 1229 1514 clavi
1256 1474 1404 1526 figendi

109 1543 222 1582 causa
248 1542 326 1581 dici
353 1540 512 1592 placuit.
552 1539 687 1579 Dictus
715 1538 767 1577 est
801 1539 869 1579 Cn.
892 1536 1047 1577 Fulvius
1075 1537 1144 1578 Cn.
1178 1537 1219 1577 F.
1242 1538 1312 1577 Cn.
1346 1539 1398 1578 N.

110 1603 311 1645 Maximus
337 1599 613 1641 Centumalus:
636 1601 666 1639 is
690 1598 910 1650 magistrum
937 1599 1112 1648 equitum
1137 1599 1187 1648 Q.
1206 1599 1403 1639 Marcium

113 1669 163 1719 Q.
180 1667 223 1708 F.
253 1667 302 1717 Q.
329 1666 378 1706 N.
396 1663 622 1714 Philippum
651 1663 763 1702 dixit.
800 1661 948 1703 Eodem
976 1674 1078 1700 anno
1104 1660 1274 1701 AEsernia
1298 1661 1405 1702 colo-

113 1731 178 1768 nia
203 1728 368 1768 deducta
395 1728 473 1767 est:
500 1740 590 1766 cum
614 1726 806 1777 superiore
829 1724 996 1764 Firmum
1022 1724 1190 1764 dedusta
1214 1724 1326 1773 estet,
1353 1728 1411 1774 ἃ,

114 1799 159 1830 ut
183 1791 344 1841 quidam
373 1790 509 1830 volunt
525 1821 536 1838 ,
559 1789 746 1830 Castrum.
775 1787 816 1827 L.
843 1787 985 1826 deinde
1005 1786 1218 1826 Postumius
1241 1786 1281 1826 L.
1306 1786 1345 1827 F.
1363 1786 1408 1827 L.
1472 1789 1475 1794 “

115 1854 165 1893 N.
197 1853 388 1904 Megellus
405 1883 416 1902 ,
436 1854 486 1904 Q.
513 1850 712 1892 Mamilius
740 1851 788 1900 Q
816 1848 856 1890 F.
885 1849 942 1889 M.
975 1849 1025 1889 N.
1051 1847 1204 1887 vitulus
1230 1847 1406 1887 consule.-

115 1915 222 1955 sadti.
271 1914 398 1955 Sicilia
432 1914 629 1965 provincia
660 1913 810 1963 utrique
846 1911 959 1959 data;
996 1909 1167 1961 legiones
1193 1922 1285 1948 vero
1321 1909 1408 1948 dua:

117 1986 267 2017 tantum
305 1977 492 2015 decretae:
526 1975 698 2014 sufficere
726 1973 845 2023 visae,
873 1972 1072 2023 postquam
1108 1972 1149 2011 in
1184 1971 1408 2012 societatem

117 2049 281 2091 accepto
311 2039 481 2080 Hierone
515 2038 636 2078 levius
664 2037 809 2077 bellum
838 2036 985 2075 factum
1020 2045 1131 2085 erat3
1162 2038 1196 2076 &
1222 2049 1302 2074 rem
1328 2035 1411 2074 fru-

121 2104 347 2143 mentariam
372 2102 526 2142 facilius
552 2101 726 2152 expediri
745 2099 850 2152 posse
874 2100 1078 2146 rebantur,
1096 2099 1122 2139 fi
1151 2100 1276 2138 minor
1304 2111 1409 2139 exer-

121 2169 220 2205 citus
252 2168 480 2204 mitteretur.

186 2228 330 2269 XLIX.
362 2225 546 2267 Consules
562 2258 573 2274 ,
589 2224 756 2273 trajeetis
773 2225 813 2264 in
834 2223 1003 2264 Siciliam
1028 2223 1268 2274 legionibus,
1286 2222 1414 2262 socio-

124 2303 288 2340 rumque
307 2289 513 2329 contr-anis
531 2287 682 2328 auxiliis
695 2318 706 2337 ,
725 2288 894 2327 minores
912 2286 978 2326 fibi
993 2300 1050 2326 res
1068 2288 1412 2339 praetermittendas

188 2428 209 2468 ς
234 2427 370 2461 XLVII.
393 2428 509 2461 Front.
534 2426 635 2460 Strat.
661 2436 694 2466 4,
720 2436 749 2457 1.
783 2424 907 2457 Zonar.
936 2424 1018 2456 Fasti
1046 2423 1195 2467 Capitol.
1221 2423 1329 2454 Varro
1356 2433 1412 2463 ap.

57 2490 60 2495 -
125 2473 212 2505 Prin.
238 2473 351 2513 7,(›0.
375 2475 483 2506 Varro
508 2485 561 2516 ap.
587 2471 738 2502 Macrob.
755 2470 890 2502 Satur-n.
920 2471 939 2510 S
967 2469 1118 2505 XLVlll.
1147 2468 1269 2501 Marm.
1293 2466 1409 2510 Capit.

131 2516 212 2552 Liv.
241 2518 329 2561 Epir.
361 2528 411 2559 17.
438 2518 525 2553 Veli.
546 2528 565 2550 2
579 2543 588 2558 ,
608 2527 659 2557 ¹4·
680 2514 799 2559 Polyb.
827 2526 838 2548 ι
855 2540 864 2554 ,
884 2523 936 2554 17.
