<?xml version="1.0" encoding="UTF-8"?>
<!DOCTYPE html PUBLIC "-//W3C//DTD XHTML 1.0 Transitional//EN"
    "http://www.w3.org/TR/xhtml1/DTD/xhtml1-transitional.dtd">
<html xmlns="http://www.w3.org/1999/xhtml" xml:lang="en" lang="en">
 <head>
  <title>
</title>
<meta http-equiv="Content-Type" content="text/html;charset=utf-8" />
  <meta name='ocr-system' content='tesseract 3.04.00' />
  <meta name='ocr-capabilities' content='ocr_page ocr_carea ocr_par ocr_line ocrx_word'/>
</head>
<body>
  <div class='ocr_page' id='page_1' title='image "./historiarumlibri03livyuoft_0076.png"; bbox 0 0 1701 3008; ppageno 0'>
   <div class='ocr_carea' id='block_1_1' title="bbox 351 127 1278 238">
    <p class='ocr_par' dir='ltr' id='par_1_1' title="bbox 351 127 1278 238">
     <span class='ocr_line' id='line_1_1' title="bbox 351 127 1278 238; baseline -0.008 -24"><span class='ocrx_word' id='word_1_1' title='bbox 351 127 477 214; x_wconf 67' lang='grc' dir='ltr'><strong>’(Ξὲι</strong></span> <span class='ocrx_word' id='word_1_2' title='bbox 703 162 929 209; x_wconf 75' lang='grc' dir='ltr'>ΤΙΤῙ</span> <span class='ocrx_word' id='word_1_3' title='bbox 1005 163 1278 238; x_wconf 67' lang='lat' dir='ltr'><strong>Livii</strong></span> 
     </span>
    </p>
   </div>
   <div class='ocr_carea' id='block_1_2' title="bbox 346 267 1699 2541">
    <p class='ocr_par' dir='ltr' id='par_1_2' title="bbox 346 267 1699 2541">
     <span class='ocr_line' id='line_1_2' title="bbox 352 267 1646 335; baseline -0.003 -14"><span class='ocrx_word' id='word_1_4' title='bbox 352 272 565 321; x_wconf 79' lang='lat' dir='ltr'><strong>cominus</strong></span> <span class='ocrx_word' id='word_1_5' title='bbox 599 270 834 335; x_wconf 83' lang='lat' dir='ltr'><strong>gerebatur</strong></span> <span class='ocrx_word' id='word_1_6' title='bbox 865 285 963 329; x_wconf 83' lang='lat' dir='ltr'><strong>res,</strong></span> <span class='ocrx_word' id='word_1_7' title='bbox 990 271 1068 329; x_wconf 84' lang='lat'><strong>&amp;,</strong></span> <span class='ocrx_word' id='word_1_8' title='bbox 1095 270 1175 333; x_wconf 87' lang='lat' dir='ltr'><strong>qui</strong></span> <span class='ocrx_word' id='word_1_9' title='bbox 1203 286 1320 335; x_wconf 84' lang='lat' dir='ltr'><strong>aegre</strong></span> <span class='ocrx_word' id='word_1_10' title='bbox 1353 267 1646 318; x_wconf 70' lang='lat' dir='ltr'><strong>successerant</strong></span> 
     </span>
     <span class='ocr_line' id='line_1_3' title="bbox 346 342 1645 408; baseline -0.002 -16"><span class='ocrx_word' id='word_1_11' title='bbox 346 363 410 395; x_wconf 83' lang='lat' dir='ltr'><strong>ex</strong></span> <span class='ocrx_word' id='word_1_12' title='bbox 442 345 580 408; x_wconf 74' lang='lat' dir='ltr'><strong>plano</strong></span> <span class='ocrx_word' id='word_1_13' title='bbox 602 345 648 390; x_wconf 92' lang='lat' dir='ltr'><strong>in</strong></span> <span class='ocrx_word' id='word_1_14' title='bbox 676 359 836 389; x_wconf 81' lang='lat' dir='ltr'><strong>muros</strong></span> <span class='ocrx_word' id='word_1_15' title='bbox 851 378 864 402; x_wconf 91' lang='lat'><strong>,</strong></span> <span class='ocrx_word' id='word_1_16' title='bbox 889 343 998 391; x_wconf 92' lang='lat' dir='ltr'><strong>loco</strong></span> <span class='ocrx_word' id='word_1_17' title='bbox 1012 377 1027 399; x_wconf 87' lang='lat'><strong>,</strong></span> <span class='ocrx_word' id='word_1_18' title='bbox 1050 359 1184 406; x_wconf 89' lang='lat' dir='ltr'><strong>quem</strong></span> <span class='ocrx_word' id='word_1_19' title='bbox 1207 342 1349 407; x_wconf 84' lang='lat' dir='ltr'><strong>magis</strong></span> <span class='ocrx_word' id='word_1_20' title='bbox 1372 342 1645 399; x_wconf 83' lang='lat' dir='ltr'><strong>timuerant,</strong></span> 
     </span>
     <span class='ocr_line' id='line_1_4' title="bbox 352 414 1648 478; baseline -0.002 -14"><span class='ocrx_word' id='word_1_21' title='bbox 352 418 503 476; x_wconf 62' lang='lat' dir='ltr'><strong>vicio,</strong></span> <span class='ocrx_word' id='word_1_22' title='bbox 536 414 667 462; x_wconf 88' lang='lat' dir='ltr'><strong>facile</strong></span> <span class='ocrx_word' id='word_1_23' title='bbox 696 414 745 460; x_wconf 89' lang='lat' dir='ltr'><strong>in</strong></span> <span class='ocrx_word' id='word_1_24' title='bbox 777 414 951 462; x_wconf 87' lang='lat' dir='ltr'><strong>hostem</strong></span> <span class='ocrx_word' id='word_1_25' title='bbox 982 415 1200 478; x_wconf 86' lang='lat' dir='ltr'><strong>imparem</strong></span> <span class='ocrx_word' id='word_1_26' title='bbox 1231 431 1287 461; x_wconf 87' lang='lat' dir='ltr'><strong>ex</strong></span> <span class='ocrx_word' id='word_1_27' title='bbox 1317 430 1449 478; x_wconf 88' lang='lat' dir='ltr'><strong>aeq-uo</strong></span> <span class='ocrx_word' id='word_1_28' title='bbox 1477 431 1648 478; x_wconf 86' lang='lat' dir='ltr'><strong>pugna·-</strong></span> 
     </span>
     <span class='ocr_line' id='line_1_5' title="bbox 350 477 1699 551; baseline -0.004 -12"><span class='ocrx_word' id='word_1_29' title='bbox 350 492 494 546; x_wconf 79' lang='lat' dir='ltr'><strong>bant3</strong></span> <span class='ocrx_word' id='word_1_30' title='bbox 529 487 688 536; x_wconf 73' lang='lat' dir='ltr'><strong>reliffis</strong></span> <span class='ocrx_word' id='word_1_31' title='bbox 721 489 918 535; x_wconf 83' lang='lat' dir='ltr'><strong>turribus</strong></span> <span class='ocrx_word' id='word_1_32' title='bbox 945 487 1173 551; x_wconf 84' lang='lat' dir='ltr'><strong>murisque</strong></span> <span class='ocrx_word' id='word_1_33' title='bbox 1190 524 1204 547; x_wconf 88' lang='lat'>,</span> <span class='ocrx_word' id='word_1_34' title='bbox 1225 489 1273 535; x_wconf 90' lang='lat' dir='ltr'><strong>in</strong></span> <span class='ocrx_word' id='word_1_35' title='bbox 1301 487 1456 535; x_wconf 87' lang='lat' dir='ltr'><strong>forum</strong></span> <span class='ocrx_word' id='word_1_36' title='bbox 1486 477 1673 534; x_wconf 33' lang='lat' dir='ltr'><strong>omnes*</strong></span> <span class='ocrx_word' id='word_1_37' title='bbox 1694 542 1699 547; x_wconf 16' lang='lat'><strong>,⁷</strong></span> 
     </span>
     <span class='ocr_line' id='line_1_6' title="bbox 352 561 1646 626; baseline -0.003 -15"><span class='ocrx_word' id='word_1_38' title='bbox 352 563 610 626; x_wconf 80' lang='lat' dir='ltr'><strong>compulsi,</strong></span> <span class='ocrx_word' id='word_1_39' title='bbox 650 561 873 626; x_wconf 81' lang='lat' dir='ltr'>paulisper</span> <span class='ocrx_word' id='word_1_40' title='bbox 923 561 1357 608; x_wconf 78' lang='lat' dir='ltr'><strong>inde-tentaverunt</strong></span> <span class='ocrx_word' id='word_1_41' title='bbox 1397 574 1646 608; x_wconf 84' lang='lat' dir='ltr'><strong>extremam</strong></span> 
     </span>
     <span class='ocr_line' id='line_1_7' title="bbox 351 634 1648 702; baseline -0.004 -17"><span class='ocrx_word' id='word_1_42' title='bbox 351 655 516 702; x_wconf 79' lang='lat' dir='ltr'><strong>pugnae</strong></span> <span class='ocrx_word' id='word_1_43' title='bbox 549 636 794 684; x_wconf 82' lang='lat' dir='ltr'><strong>fortunam.</strong></span> <span class='ocrx_word' id='word_1_44' title='bbox 832 634 1045 694; x_wconf 84' lang='lat' dir='ltr'><strong>Deinde,</strong></span> <span class='ocrx_word' id='word_1_45' title='bbox 1072 634 1252 698; x_wconf 75' lang='lat' dir='ltr'><strong>abjeffis</strong></span> <span class='ocrx_word' id='word_1_46' title='bbox 1283 636 1446 694; x_wconf 86' lang='lat' dir='ltr'><strong>armis,</strong></span> <span class='ocrx_word' id='word_1_47' title='bbox 1469 635 1525 682; x_wconf 92' lang='lat' dir='ltr'><strong>ad</strong></span> <span class='ocrx_word' id='word_1_48' title='bbox 1559 651 1648 681; x_wconf 86' lang='lat' dir='ltr'><strong>un-</strong></span> 
     </span>
     <span class='ocr_line' id='line_1_8' title="bbox 352 706 1647 772; baseline -0.004 -13"><span class='ocrx_word' id='word_1_49' title='bbox 352 711 499 759; x_wconf 87' lang='lat' dir='ltr'><strong>decim</strong></span> <span class='ocrx_word' id='word_1_50' title='bbox 538 709 679 757; x_wconf 79' lang='lat' dir='ltr'><strong>millia</strong></span> <span class='ocrx_word' id='word_1_51' title='bbox 713 708 950 756; x_wconf 85' lang='lat' dir='ltr'><strong>hominum</strong></span> <span class='ocrx_word' id='word_1_52' title='bbox 991 711 1040 757; x_wconf 89' lang='lat'>&amp;</span> <span class='ocrx_word' id='word_1_53' title='bbox 1076 708 1394 772; x_wconf 80' lang='lat' dir='ltr'><strong>quadringenti</strong></span> <span class='ocrx_word' id='word_1_54' title='bbox 1428 708 1476 754; x_wconf 91' lang='lat' dir='ltr'><strong>in</strong></span> <span class='ocrx_word' id='word_1_55' title='bbox 1511 706 1647 755; x_wconf 86' lang='lat' dir='ltr'><strong>fidem</strong></span> 
     </span>
     <span class='ocr_line' id='line_1_9' title="bbox 348 781 1649 846; baseline -0.003 -14"><span class='ocrx_word' id='word_1_56' title='bbox 348 784 550 834; x_wconf 66' lang='lat' dir='ltr'><strong>v,consulis</strong></span> <span class='ocrx_word' id='word_1_57' title='bbox 578 795 819 837; x_wconf 84' lang='lat' dir='ltr'><strong>venerunt.</strong></span> <span class='ocrx_word' id='word_1_58' title='bbox 861 781 970 830; x_wconf 82' lang='lat' dir='ltr'><strong>caesa</strong></span> <span class='ocrx_word' id='word_1_59' title='bbox 991 781 1047 828; x_wconf 89' lang='lat' dir='ltr'><strong>ad</strong></span> <span class='ocrx_word' id='word_1_60' title='bbox 1072 795 1270 846; x_wconf 84' lang='lat' dir='ltr'><strong>quatuor</strong></span> <span class='ocrx_word' id='word_1_61' title='bbox 1293 782 1432 829; x_wconf 86' lang='lat' dir='ltr'><strong>millia</strong></span> <span class='ocrx_word' id='word_1_62' title='bbox 1455 782 1649 829; x_wconf 88' lang='lat' dir='ltr'><strong>trecenti</strong></span> 
     </span>
     <span class='ocr_line' id='line_1_10' title="bbox 351 853 1648 924; baseline -0.003 -16"><span class='ocrx_word' id='word_1_63' title='bbox 351 853 602 924; x_wconf 70' lang='lat' dir='ltr'><strong>o&amp;ogi11ta&#39;.</strong></span> <span class='ocrx_word' id='word_1_64' title='bbox 644 858 717 906; x_wconf 87' lang='lat' dir='ltr'><strong>Sic</strong></span> <span class='ocrx_word' id='word_1_65' title='bbox 754 858 810 904; x_wconf 86' lang='lat' dir='ltr'><strong>ad</strong></span> <span class='ocrx_word' id='word_1_66' title='bbox 840 857 1141 916; x_wconf 84' lang='lat' dir='ltr'><strong>Cominium,</strong></span> <span class='ocrx_word' id='word_1_67' title='bbox 1171 857 1231 906; x_wconf 86' lang='lat' dir='ltr'><strong>fic</strong></span> <span class='ocrx_word' id='word_1_68' title='bbox 1263 858 1320 905; x_wconf 88' lang='lat' dir='ltr'><strong>ad</strong></span> <span class='ocrx_word' id='word_1_69' title='bbox 1354 858 1648 923; x_wconf 84' lang='lat' dir='ltr'><strong>Aquiloniam</strong></span> 
     </span>
     <span class='ocr_line' id='line_1_11' title="bbox 355 929 1647 998; baseline -0.002 -19"><span class='ocrx_word' id='word_1_70' title='bbox 355 931 475 998; x_wconf 78' lang='lat' dir='ltr'><strong>gesta</strong></span> <span class='ocrx_word' id='word_1_71' title='bbox 502 947 586 978; x_wconf 85' lang='lat' dir='ltr'><strong>res.</strong></span> <span class='ocrx_word' id='word_1_72' title='bbox 621 931 729 977; x_wconf 88' lang='lat' dir='ltr'><strong>Inde</strong></span> <span class='ocrx_word' id='word_1_73' title='bbox 756 930 909 978; x_wconf 88' lang='lat' dir='ltr'><strong>medio</strong></span> <span class='ocrx_word' id='word_1_74' title='bbox 940 930 1058 977; x_wconf 89' lang='lat' dir='ltr'><strong>inter</strong></span> <span class='ocrx_word' id='word_1_75' title='bbox 1080 929 1184 976; x_wconf 85' lang='lat' dir='ltr'><strong>duas</strong></span> <span class='ocrx_word' id='word_1_76' title='bbox 1210 932 1343 978; x_wconf 87' lang='lat' dir='ltr'><strong>urbes</strong></span> <span class='ocrx_word' id='word_1_77' title='bbox 1363 930 1511 995; x_wconf 18' lang='lat' dir='ltr'><strong>&lt;spatio</strong></span> <span class='ocrx_word' id='word_1_78' title='bbox 1527 968 1541 990; x_wconf 91' lang='lat'>,</span> <span class='ocrx_word' id='word_1_79' title='bbox 1567 930 1647 978; x_wconf 87' lang='lat' dir='ltr'><strong>ubi</strong></span> 
     </span>
     <span class='ocr_line' id='line_1_12' title="bbox 354 1002 1649 1067; baseline 0 -15"><span class='ocrx_word' id='word_1_80' title='bbox 354 1005 485 1054; x_wconf 88' lang='lat' dir='ltr'><strong>tertia</strong></span> <span class='ocrx_word' id='word_1_81' title='bbox 514 1002 763 1066; x_wconf 62' lang='lat' dir='ltr'><strong>exspeetata</strong></span> <span class='ocrx_word' id='word_1_82' title='bbox 793 1015 887 1050; x_wconf 86' lang='lat' dir='ltr'><strong>erat</strong></span> <span class='ocrx_word' id='word_1_83' title='bbox 923 1019 1102 1067; x_wconf 83' lang='lat' dir='ltr'><strong>pugna,</strong></span> <span class='ocrx_word' id='word_1_84' title='bbox 1140 1003 1291 1050; x_wconf 85' lang='lat' dir='ltr'><strong>hostes</strong></span> <span class='ocrx_word' id='word_1_85' title='bbox 1322 1021 1420 1050; x_wconf 87' lang='lat' dir='ltr'><strong>non</strong></span> <span class='ocrx_word' id='word_1_86' title='bbox 1455 1003 1649 1053; x_wconf 85' lang='lat' dir='ltr'><strong>inventi.</strong></span> 
     </span>
     <span class='ocr_line' id='line_1_13' title="bbox 356 1077 1648 1143; baseline -0.002 -17"><span class='ocrx_word' id='word_1_87' title='bbox 356 1080 523 1143; x_wconf 84' lang='lat' dir='ltr'><strong>septem</strong></span> <span class='ocrx_word' id='word_1_88' title='bbox 554 1077 693 1124; x_wconf 74' lang='lat' dir='ltr'><strong>millia</strong></span> <span class='ocrx_word' id='word_1_89' title='bbox 728 1078 928 1141; x_wconf 84' lang='lat' dir='ltr'><strong>paffuum</strong></span> <span class='ocrx_word' id='word_1_90' title='bbox 965 1094 1067 1124; x_wconf 89' lang='lat' dir='ltr'><strong>cum</strong></span> <span class='ocrx_word' id='word_1_91' title='bbox 1098 1077 1295 1125; x_wconf 80' lang='lat' dir='ltr'><strong>abessent</strong></span> <span class='ocrx_word' id='word_1_92' title='bbox 1327 1096 1351 1138; x_wconf 85' lang='lat' dir='ltr'><strong>a</strong></span> <span class='ocrx_word' id='word_1_93' title='bbox 1389 1078 1611 1125; x_wconf 85' lang='lat' dir='ltr'><strong>Cominio</strong></span> <span class='ocrx_word' id='word_1_94' title='bbox 1632 1114 1648 1137; x_wconf 85' lang='lat'>,</span> 
     </span>
     <span class='ocr_line' id='line_1_14' title="bbox 357 1152 1650 1216; baseline -0.002 -13"><span class='ocrx_word' id='word_1_95' title='bbox 357 1153 566 1202; x_wconf 87' lang='lat' dir='ltr'><strong>revocati</strong></span> <span class='ocrx_word' id='word_1_96' title='bbox 587 1153 642 1200; x_wconf 84' lang='lat' dir='ltr'><strong>ab</strong></span> <span class='ocrx_word' id='word_1_97' title='bbox 663 1152 750 1200; x_wconf 83' lang='lat' dir='ltr'><strong>suis</strong></span> <span class='ocrx_word' id='word_1_98' title='bbox 778 1153 925 1200; x_wconf 84' lang='lat' dir='ltr'><strong>neutri</strong></span> <span class='ocrx_word' id='word_1_99' title='bbox 944 1153 1116 1216; x_wconf 79' lang='lat' dir='ltr'><strong>proelio</strong></span> <span class='ocrx_word' id='word_1_100' title='bbox 1143 1169 1458 1202; x_wconf 88' lang='lat' dir='ltr'><strong>occurrerunt.</strong></span> <span class='ocrx_word' id='word_1_101' title='bbox 1489 1153 1650 1201; x_wconf 79' lang='lat' dir='ltr'><strong>Primis</strong></span> 
     </span>
     <span class='ocr_line' id='line_1_15' title="bbox 357 1226 1651 1290; baseline -0.001 -14"><span class='ocrx_word' id='word_1_102' title='bbox 357 1229 498 1276; x_wconf 82' lang='lat' dir='ltr'><strong>ferme</strong></span> <span class='ocrx_word' id='word_1_103' title='bbox 524 1227 721 1275; x_wconf 88' lang='lat' dir='ltr'><strong>tenebris</strong></span> <span class='ocrx_word' id='word_1_104' title='bbox 752 1244 855 1274; x_wconf 86' lang='lat' dir='ltr'><strong>cum</strong></span> <span class='ocrx_word' id='word_1_105' title='bbox 887 1227 934 1273; x_wconf 87' lang='lat' dir='ltr'><strong>in</strong></span> <span class='ocrx_word' id='word_1_106' title='bbox 962 1226 1201 1290; x_wconf 63' lang='lat' dir='ltr'><strong>conspectu</strong></span> <span class='ocrx_word' id='word_1_107' title='bbox 1229 1226 1317 1290; x_wconf 78' lang='lat' dir='ltr'><strong>jam</strong></span> <span class='ocrx_word' id='word_1_108' title='bbox 1356 1228 1492 1276; x_wconf 79' lang='lat' dir='ltr'><strong>castra</strong></span> <span class='ocrx_word' id='word_1_109' title='bbox 1512 1264 1525 1287; x_wconf 85' lang='lat'>,</span> <span class='ocrx_word' id='word_1_110' title='bbox 1557 1227 1651 1290; x_wconf 86' lang='lat' dir='ltr'><strong>jam</strong></span> 
     </span>
     <span class='ocr_line' id='line_1_16' title="bbox 360 1300 1650 1367; baseline -0.002 -16"><span class='ocrx_word' id='word_1_111' title='bbox 360 1302 654 1367; x_wconf 76' lang='lat' dir='ltr'><strong>Aquiloniam</strong></span> <span class='ocrx_word' id='word_1_112' title='bbox 687 1300 968 1358; x_wconf 74' lang='lat' dir='ltr'><strong>habuissent,</strong></span> <span class='ocrx_word' id='word_1_113' title='bbox 1003 1301 1174 1349; x_wconf 83' lang='lat' dir='ltr'><strong>clamor</strong></span> <span class='ocrx_word' id='word_1_114' title='bbox 1208 1318 1288 1349; x_wconf 80' lang='lat' dir='ltr'><strong>eos</strong></span> <span class='ocrx_word' id='word_1_115' title='bbox 1325 1303 1536 1366; x_wconf 86' lang='lat' dir='ltr'><strong>utrinque</strong></span> <span class='ocrx_word' id='word_1_116' title='bbox 1569 1317 1650 1365; x_wconf 85' lang='lat' dir='ltr'><strong>par</strong></span> 
     </span>
     <span class='ocr_line' id='line_1_17' title="bbox 361 1375 1651 1441; baseline -0.001 -16"><span class='ocrx_word' id='word_1_117' title='bbox 361 1377 569 1426; x_wconf 80' lang='lat' dir='ltr'><strong>accidens</strong></span> <span class='ocrx_word' id='word_1_118' title='bbox 587 1375 817 1423; x_wconf 85' lang='lat' dir='ltr'><strong>sustinuit:</strong></span> <span class='ocrx_word' id='word_1_119' title='bbox 837 1375 996 1422; x_wconf 90' lang='lat' dir='ltr'><strong>deinde</strong></span> <span class='ocrx_word' id='word_1_120' title='bbox 1015 1393 1039 1422; x_wconf 92' lang='lat' dir='ltr'><strong>e</strong></span> <span class='ocrx_word' id='word_1_121' title='bbox 1060 1376 1245 1440; x_wconf 82' lang='lat' dir='ltr'><strong>regione</strong></span> <span class='ocrx_word' id='word_1_122' title='bbox 1265 1376 1527 1434; x_wconf 84' lang='lat' dir='ltr'><strong>castrorum,</strong></span> <span class='ocrx_word' id='word_1_123' title='bbox 1548 1394 1651 1441; x_wconf 84' lang='lat' dir='ltr'><strong>quae</strong></span> 
     </span>
     <span class='ocr_line' id='line_1_18' title="bbox 358 1448 1651 1507; baseline -0.001 -11"><span class='ocrx_word' id='word_1_124' title='bbox 358 1449 538 1498; x_wconf 85' lang='lat' dir='ltr'><strong>incensa</strong></span> <span class='ocrx_word' id='word_1_125' title='bbox 564 1450 619 1495; x_wconf 82' lang='lat' dir='ltr'><strong>ab</strong></span> <span class='ocrx_word' id='word_1_126' title='bbox 649 1448 869 1496; x_wconf 87' lang='lat' dir='ltr'><strong>Romanis</strong></span> <span class='ocrx_word' id='word_1_127' title='bbox 894 1460 1045 1507; x_wconf 83' lang='lat' dir='ltr'><strong>erant,</strong></span> <span class='ocrx_word' id='word_1_128' title='bbox 1069 1449 1248 1496; x_wconf 81' lang='lat' dir='ltr'><strong>flamma</strong></span> <span class='ocrx_word' id='word_1_129' title='bbox 1264 1449 1350 1496; x_wconf 83' lang='lat' dir='ltr'><strong>late</strong></span> <span class='ocrx_word' id='word_1_130' title='bbox 1368 1448 1464 1496; x_wconf 84' lang='lat' dir='ltr'><strong>fusa</strong></span> <span class='ocrx_word' id='word_1_131' title='bbox 1483 1449 1651 1497; x_wconf 87' lang='lat' dir='ltr'><strong>certio-</strong></span> 
     </span>
     <span class='ocr_line' id='line_1_19' title="bbox 361 1520 1650 1586; baseline -0.002 -17"><span class='ocrx_word' id='word_1_132' title='bbox 361 1522 421 1569; x_wconf 84' lang='lat' dir='ltr'><strong>ris</strong></span> <span class='ocrx_word' id='word_1_133' title='bbox 456 1521 592 1569; x_wconf 78' lang='lat' dir='ltr'><strong>cladis</strong></span> <span class='ocrx_word' id='word_1_134' title='bbox 628 1520 801 1568; x_wconf 88' lang='lat' dir='ltr'><strong>indicio</strong></span> <span class='ocrx_word' id='word_1_135' title='bbox 835 1521 1049 1584; x_wconf 80' lang='lat' dir='ltr'><strong>progredi</strong></span> <span class='ocrx_word' id='word_1_136' title='bbox 1081 1522 1262 1586; x_wconf 85' lang='lat' dir='ltr'><strong>longius</strong></span> <span class='ocrx_word' id='word_1_137' title='bbox 1291 1521 1541 1585; x_wconf 79' lang='lat' dir='ltr'><strong>prohibuit.</strong></span> <span class='ocrx_word' id='word_1_138' title='bbox 1579 1524 1650 1568; x_wconf 87' lang='lat' dir='ltr'><strong>Eo</strong></span> 
     </span>
     <span class='ocr_line' id='line_1_20' title="bbox 360 1593 1650 1658; baseline -0.002 -16"><span class='ocrx_word' id='word_1_139' title='bbox 360 1595 458 1658; x_wconf 87' lang='lat' dir='ltr'><strong>ipso</strong></span> <span class='ocrx_word' id='word_1_140' title='bbox 486 1595 593 1642; x_wconf 92' lang='lat' dir='ltr'><strong>loco</strong></span> <span class='ocrx_word' id='word_1_141' title='bbox 626 1610 770 1658; x_wconf 86' lang='lat' dir='ltr'><strong>prope</strong></span> <span class='ocrx_word' id='word_1_142' title='bbox 796 1607 962 1640; x_wconf 88' lang='lat' dir='ltr'><strong>temere</strong></span> <span class='ocrx_word' id='word_1_143' title='bbox 991 1594 1068 1641; x_wconf 87' lang='lat' dir='ltr'><strong>sub</strong></span> <span class='ocrx_word' id='word_1_144' title='bbox 1093 1595 1226 1642; x_wconf 86' lang='lat' dir='ltr'><strong>armis</strong></span> <span class='ocrx_word' id='word_1_145' title='bbox 1253 1594 1375 1640; x_wconf 84' lang='lat' dir='ltr'><strong>strati</strong></span> <span class='ocrx_word' id='word_1_146' title='bbox 1401 1594 1553 1657; x_wconf 82' lang='lat' dir='ltr'><strong>paffim</strong></span> <span class='ocrx_word' id='word_1_147' title='bbox 1580 1593 1650 1640; x_wconf 90' lang='lat' dir='ltr'><strong>in-</strong></span> 
     </span>
     <span class='ocr_line' id='line_1_21' title="bbox 360 1667 1649 1732; baseline -0.002 -18"><span class='ocrx_word' id='word_1_148' title='bbox 360 1669 564 1732; x_wconf 84' lang='lat' dir='ltr'><strong>quietum</strong></span> <span class='ocrx_word' id='word_1_149' title='bbox 594 1685 730 1714; x_wconf 90' lang='lat' dir='ltr'><strong>omne</strong></span> <span class='ocrx_word' id='word_1_150' title='bbox 764 1679 940 1731; x_wconf 89' lang='lat' dir='ltr'><strong>tempus</strong></span> <span class='ocrx_word' id='word_1_151' title='bbox 967 1668 1139 1727; x_wconf 59' lang='lat' dir='ltr'><strong>noctis,</strong></span> <span class='ocrx_word' id='word_1_152' title='bbox 1165 1667 1462 1731; x_wconf 60' lang='lat' dir='ltr'><strong>exspectando</strong></span> <span class='ocrx_word' id='word_1_153' title='bbox 1488 1667 1649 1713; x_wconf 90' lang='lat' dir='ltr'><strong>timen-</strong></span> 
     </span>
     <span class='ocr_line' id='line_1_22' title="bbox 362 1740 1689 1805; baseline -0.001 -17"><span class='ocrx_word' id='word_1_154' title='bbox 362 1742 515 1805; x_wconf 83' lang='lat' dir='ltr'><strong>doque</strong></span> <span class='ocrx_word' id='word_1_155' title='bbox 542 1741 714 1800; x_wconf 85' lang='lat' dir='ltr'><strong>lucem,</strong></span> <span class='ocrx_word' id='word_1_156' title='bbox 747 1758 890 1805; x_wconf 84' lang='lat' dir='ltr'><strong>egere.</strong></span> <span class='ocrx_word' id='word_1_157' title='bbox 927 1741 1071 1804; x_wconf 87' lang='lat' dir='ltr'><strong>prima</strong></span> <span class='ocrx_word' id='word_1_158' title='bbox 1102 1741 1230 1798; x_wconf 88' lang='lat' dir='ltr'><strong>luce,</strong></span> <span class='ocrx_word' id='word_1_159' title='bbox 1255 1740 1415 1787; x_wconf 83' lang='lat' dir='ltr'><strong>incerti</strong></span> <span class='ocrx_word' id='word_1_160' title='bbox 1446 1757 1579 1805; x_wconf 89' lang='lat' dir='ltr'><strong>quam</strong></span> <span class='ocrx_word' id='word_1_161' title='bbox 1604 1741 1651 1788; x_wconf 88' lang='lat' dir='ltr'><strong>in</strong></span> <span class='ocrx_word' id='word_1_162' title='bbox 1681 1788 1689 1799; x_wconf 8' lang='grc' dir='ltr'><strong>ἃ,</strong></span> 
     </span>
     <span class='ocr_line' id='line_1_23' title="bbox 365 1812 1652 1877; baseline -0.001 -17"><span class='ocrx_word' id='word_1_163' title='bbox 365 1827 536 1877; x_wconf 83' lang='lat' dir='ltr'><strong>partem</strong></span> <span class='ocrx_word' id='word_1_164' title='bbox 569 1815 854 1862; x_wconf 83' lang='lat' dir='ltr'><strong>intenderent</strong></span> <span class='ocrx_word' id='word_1_165' title='bbox 874 1813 982 1872; x_wconf 77' lang='lat' dir='ltr'><strong>iter,</strong></span> <span class='ocrx_word' id='word_1_166' title='bbox 1002 1827 1185 1877; x_wconf 87' lang='lat' dir='ltr'><strong>repente</strong></span> <span class='ocrx_word' id='word_1_167' title='bbox 1205 1814 1252 1860; x_wconf 91' lang='lat' dir='ltr'><strong>in</strong></span> <span class='ocrx_word' id='word_1_168' title='bbox 1279 1812 1429 1877; x_wconf 84' lang='lat' dir='ltr'><strong>fugam</strong></span> <span class='ocrx_word' id='word_1_169' title='bbox 1454 1812 1652 1861; x_wconf 86' lang='lat' dir='ltr'><strong>conster-</strong></span> 
     </span>
     <span class='ocr_line' id='line_1_24' title="bbox 365 1886 1652 1951; baseline 0 -17"><span class='ocrx_word' id='word_1_170' title='bbox 365 1900 557 1945; x_wconf 74' lang='lat' dir='ltr'><strong>nantur,</strong></span> <span class='ocrx_word' id='word_1_171' title='bbox 589 1887 814 1951; x_wconf 57' lang='lat' dir='ltr'><strong>conspecti</strong></span> <span class='ocrx_word' id='word_1_172' title='bbox 842 1888 896 1934; x_wconf 90' lang='lat' dir='ltr'><strong>ab</strong></span> <span class='ocrx_word' id='word_1_173' title='bbox 918 1887 1165 1950; x_wconf 82' lang='lat' dir='ltr'><strong>equitibus:</strong></span> <span class='ocrx_word' id='word_1_174' title='bbox 1196 1887 1306 1950; x_wconf 87' lang='lat' dir='ltr'><strong>qui,</strong></span> <span class='ocrx_word' id='word_1_175' title='bbox 1327 1886 1517 1950; x_wconf 83' lang='lat' dir='ltr'><strong>egreffos</strong></span> <span class='ocrx_word' id='word_1_176' title='bbox 1535 1903 1652 1934; x_wconf 82' lang='lat' dir='ltr'><strong>noc-</strong></span> 
     </span>
     <span class='ocr_line' id='line_1_25' title="bbox 364 1960 1652 2025; baseline -0.002 -17"><span class='ocrx_word' id='word_1_177' title='bbox 364 1974 408 2008; x_wconf 90' lang='lat' dir='ltr'><strong>te</strong></span> <span class='ocrx_word' id='word_1_178' title='bbox 439 1962 494 2008; x_wconf 86' lang='lat' dir='ltr'><strong>ab</strong></span> <span class='ocrx_word' id='word_1_179' title='bbox 535 1962 711 2025; x_wconf 84' lang='lat' dir='ltr'><strong>oppido</strong></span> <span class='ocrx_word' id='word_1_180' title='bbox 746 1961 965 2009; x_wconf 82' lang='lat' dir='ltr'><strong>Samnites</strong></span> <span class='ocrx_word' id='word_1_181' title='bbox 1007 1960 1249 2024; x_wconf 85' lang='lat' dir='ltr'><strong>persecuti,</strong></span> <span class='ocrx_word' id='word_1_182' title='bbox 1286 1961 1495 2010; x_wconf 85' lang='lat' dir='ltr'><strong>viderant</strong></span> <span class='ocrx_word' id='word_1_183' title='bbox 1529 1960 1652 2008; x_wconf 72' lang='lat' dir='ltr'><strong>mul-</strong></span> 
     </span>
     <span class='ocr_line' id='line_1_26' title="bbox 365 2032 1652 2094; baseline 0 -12"><span class='ocrx_word' id='word_1_184' title='bbox 365 2034 604 2082; x_wconf 85' lang='lat' dir='ltr'><strong>titudinem</strong></span> <span class='ocrx_word' id='word_1_185' title='bbox 626 2070 640 2093; x_wconf 88' lang='lat'><strong>,</strong></span> <span class='ocrx_word' id='word_1_186' title='bbox 676 2051 771 2081; x_wconf 90' lang='lat' dir='ltr'><strong>non</strong></span> <span class='ocrx_word' id='word_1_187' title='bbox 806 2034 960 2094; x_wconf 85' lang='lat' dir='ltr'><strong>vallo,</strong></span> <span class='ocrx_word' id='word_1_188' title='bbox 989 2052 1086 2082; x_wconf 89' lang='lat' dir='ltr'><strong>non</strong></span> <span class='ocrx_word' id='word_1_189' title='bbox 1119 2034 1382 2082; x_wconf 86' lang='lat' dir='ltr'><strong>stationibus</strong></span> <span class='ocrx_word' id='word_1_190' title='bbox 1416 2032 1652 2082; x_wconf 85' lang='lat' dir='ltr'><strong>firmatam.</strong></span> 
     </span>
     <span class='ocr_line' id='line_1_27' title="bbox 365 2107 1653 2173; baseline -0.001 -17"><span class='ocrx_word' id='word_1_191' title='bbox 365 2109 615 2172; x_wconf 62' lang='lat' dir='ltr'><strong>Conspecta</strong></span> <span class='ocrx_word' id='word_1_192' title='bbox 632 2111 682 2158; x_wconf 87' lang='lat'>&amp;</span> <span class='ocrx_word' id='word_1_193' title='bbox 700 2127 757 2156; x_wconf 83' lang='lat' dir='ltr'><strong>ex</strong></span> <span class='ocrx_word' id='word_1_194' title='bbox 775 2109 911 2158; x_wconf 87' lang='lat' dir='ltr'><strong>muris</strong></span> <span class='ocrx_word' id='word_1_195' title='bbox 928 2108 1186 2173; x_wconf 78' lang='lat' dir='ltr'><strong>Aquiloniae</strong></span> <span class='ocrx_word' id='word_1_196' title='bbox 1206 2125 1254 2155; x_wconf 87' lang='lat' dir='ltr'><strong>ea</strong></span> <span class='ocrx_word' id='word_1_197' title='bbox 1277 2107 1523 2155; x_wconf 83' lang='lat' dir='ltr'><strong>multitudo</strong></span> <span class='ocrx_word' id='word_1_198' title='bbox 1543 2123 1653 2156; x_wconf 90' lang='lat' dir='ltr'><strong>erat.</strong></span> 
     </span>
     <span class='ocr_line' id='line_1_28' title="bbox 363 2181 1653 2248; baseline -0.001 -20"><span class='ocrx_word' id='word_1_199' title='bbox 363 2181 543 2247; x_wconf 76' lang='lat' dir='ltr'><strong>jamque</strong></span> <span class='ocrx_word' id='word_1_200' title='bbox 561 2183 691 2230; x_wconf 86' lang='lat' dir='ltr'><strong>etiam</strong></span> <span class='ocrx_word' id='word_1_201' title='bbox 712 2183 972 2248; x_wconf 72' lang='lat' dir='ltr'><strong>legionariae</strong></span> <span class='ocrx_word' id='word_1_202' title='bbox 997 2183 1211 2230; x_wconf 81' lang='lat' dir='ltr'><strong>cohortes</strong></span> <span class='ocrx_word' id='word_1_203' title='bbox 1230 2181 1540 2243; x_wconf 83' lang='lat' dir='ltr'><strong>sequebantur.</strong></span> <span class='ocrx_word' id='word_1_204' title='bbox 1564 2182 1653 2227; x_wconf 88' lang='lat' dir='ltr'><strong>Ce-</strong></span> 
     </span>
     <span class='ocr_line' id='line_1_29' title="bbox 362 2253 1653 2319; baseline -0.002 -19"><span class='ocrx_word' id='word_1_205' title='bbox 362 2267 507 2313; x_wconf 81' lang='lat' dir='ltr'><strong>terum</strong></span> <span class='ocrx_word' id='word_1_206' title='bbox 542 2273 626 2303; x_wconf 90' lang='lat' dir='ltr'><strong>nec</strong></span> <span class='ocrx_word' id='word_1_207' title='bbox 654 2257 788 2318; x_wconf 88' lang='lat' dir='ltr'><strong>pedes</strong></span> <span class='ocrx_word' id='word_1_208' title='bbox 817 2254 1039 2319; x_wconf 82' lang='lat' dir='ltr'><strong>fugientes</strong></span> <span class='ocrx_word' id='word_1_209' title='bbox 1067 2253 1270 2317; x_wconf 83' lang='lat' dir='ltr'><strong>persequi</strong></span> <span class='ocrx_word' id='word_1_210' title='bbox 1298 2253 1448 2316; x_wconf 88' lang='lat' dir='ltr'><strong>potuit</strong></span> <span class='ocrx_word' id='word_1_211' title='bbox 1473 2271 1483 2298; x_wconf 92' lang='lat'>:</span> <span class='ocrx_word' id='word_1_212' title='bbox 1520 2253 1570 2299; x_wconf 88' lang='lat'>&amp;</span> <span class='ocrx_word' id='word_1_213' title='bbox 1597 2253 1653 2299; x_wconf 85' lang='lat' dir='ltr'><strong>ab</strong></span> 
     </span>
     <span class='ocr_line' id='line_1_30' title="bbox 366 2325 1653 2390; baseline -0.002 -16"><span class='ocrx_word' id='word_1_214' title='bbox 366 2327 516 2390; x_wconf 85' lang='lat' dir='ltr'><strong>equite</strong></span> <span class='ocrx_word' id='word_1_215' title='bbox 553 2327 786 2374; x_wconf 82' lang='lat' dir='ltr'><strong>noviffimi</strong></span> <span class='ocrx_word' id='word_1_216' title='bbox 820 2327 1008 2390; x_wconf 87' lang='lat' dir='ltr'><strong>agminis</strong></span> <span class='ocrx_word' id='word_1_217' title='bbox 1046 2327 1230 2374; x_wconf 87' lang='lat' dir='ltr'><strong>ducenti</strong></span> <span class='ocrx_word' id='word_1_218' title='bbox 1263 2325 1402 2372; x_wconf 87' lang='lat' dir='ltr'><strong>ferme</strong></span> <span class='ocrx_word' id='word_1_219' title='bbox 1433 2327 1485 2373; x_wconf 87' lang='lat'>&amp;</span> <span class='ocrx_word' id='word_1_220' title='bbox 1519 2327 1653 2372; x_wconf 69' lang='grc' dir='ltr'>οξὶο-</span> 
     </span>
     <span class='ocr_line' id='line_1_31' title="bbox 367 2399 1654 2465; baseline -0.002 -18"><span class='ocrx_word' id='word_1_221' title='bbox 367 2401 489 2465; x_wconf 82' lang='lat' dir='ltr'><strong>ginta</strong></span> <span class='ocrx_word' id='word_1_222' title='bbox 518 2401 750 2458; x_wconf 61' lang='lat' dir='ltr'><strong>interfecti.</strong></span> <span class='ocrx_word' id='word_1_223' title='bbox 792 2404 928 2448; x_wconf 86' lang='lat' dir='ltr'><strong>Arma</strong></span> <span class='ocrx_word' id='word_1_224' title='bbox 956 2401 1097 2448; x_wconf 84' lang='lat' dir='ltr'><strong>multa</strong></span> <span class='ocrx_word' id='word_1_225' title='bbox 1121 2399 1277 2464; x_wconf 89' lang='lat' dir='ltr'><strong>pavidi</strong></span> <span class='ocrx_word' id='word_1_226' title='bbox 1309 2418 1360 2447; x_wconf 90' lang='lat' dir='ltr'><strong>ac</strong></span> <span class='ocrx_word' id='word_1_227' title='bbox 1389 2400 1507 2464; x_wconf 79' lang='lat' dir='ltr'><strong>figna</strong></span> <span class='ocrx_word' id='word_1_228' title='bbox 1536 2399 1654 2446; x_wconf 82' lang='lat' dir='ltr'><strong>mili-</strong></span> 
     </span>
     <span class='ocr_line' id='line_1_32' title="bbox 367 2473 1654 2541; baseline -0.005 -17"><span class='ocrx_word' id='word_1_229' title='bbox 367 2476 479 2524; x_wconf 86' lang='lat' dir='ltr'><strong>taria</strong></span> <span class='ocrx_word' id='word_1_230' title='bbox 499 2475 814 2541; x_wconf 82' lang='lat' dir='ltr'><strong>duodeviginti</strong></span> <span class='ocrx_word' id='word_1_231' title='bbox 832 2476 1065 2541; x_wconf 84' lang='lat' dir='ltr'><strong>reliquere.</strong></span> <span class='ocrx_word' id='word_1_232' title='bbox 1093 2475 1184 2524; x_wconf 83' lang='lat' dir='ltr'><strong>alio</strong></span> <span class='ocrx_word' id='word_1_233' title='bbox 1206 2476 1381 2541; x_wconf 85' lang='lat' dir='ltr'><strong>agmine</strong></span> <span class='ocrx_word' id='word_1_234' title='bbox 1410 2473 1654 2534; x_wconf 85' lang='lat' dir='ltr'><strong>incolumi,</strong></span> 
     </span>
    </p>
   </div>
  </div>
 </body>
</html>
