1701 3008
83 243 117 271 0
166 209 772 258 HISTORIARUM
809 209 942 255 LIB.
977 208 1136 255 XXI-¹
1233 223 1328 269 407

40 335 117 366 aut
150 318 264 365 nihil
298 316 498 375 sensere,
533 315 820 378 obstrepente
853 313 1045 378 pluvia;
1084 323 1188 372 aut,
1223 313 1332 376 quia

38 391 129 454 jam
161 390 342 438 moveri
365 407 457 453 prae
488 389 740 436 laffitudine
766 387 1016 453 nequibant
1041 404 1092 435 ac
1123 386 1333 436 vulneri-

39 466 123 513 bus
141 502 153 523 ,
178 465 336 511 sentire
366 463 453 511 sese
476 462 831 510 diffimularunt:
863 461 1114 525 quietisque
1145 460 1336 520 Poenis,

40 539 179 586 tacito
211 539 388 603 agmine
420 537 477 584 ab
507 537 725 599 Scipione
754 534 938 584 consule
976 535 1201 584 exercitus
1230 535 1334 580 Pla-

42 612 234 660 centiam
259 611 322 660 est
353 611 611 674 perductus:
642 610 747 656 inde
770 608 892 655 Pado
913 607 1118 669 trajectus
1139 609 1337 655 Cremo-¹

42 703 174 746 nam,
207 703 264 732 ne
285 685 480 732 duorum
499 683 778 732 exercituum
799 681 996 729 hibernis
1029 700 1117 730 una
1148 683 1340 731 colonia.

43 770 338 822 premeretur.

108 834 242 880 LVII.
276 833 473 878 Romam
499 842 649 879 tantus
674 848 824 879 terror
853 848 910 878 ex
931 832 1014 880 hac
1044 832 1169 879 clade
1191 831 1338 894 peria-⁴

42 917 115 952 tus
142 903 234 963 est,
269 918 320 950 ut
344 903 431 965 jam
460 904 514 949 ad
548 904 704 951 urbem
739 904 972 952 crederent
999 904 1166 951 infestis
1201 904 1342 968 fignis

43 977 221 1026 hostem
243 990 515 1032 venturum3
549 993 634 1023 nec
670 976 919 1041 quidquam
948 976 1040 1039 spei
1073 992 1149 1024 aut
1178 975 1339 1023 auxilii

44 1053 130 1102 effe
150 1083 164 1106 ‚
201 1067 295 1114 quo
324 1048 468 1112 portis
497 1049 815 1114 moenibusqtie
849 1051 943 1098 vim
972 1064 1190 1098 arcerent.
1233 1056 1342 1098 Uno

44 1125 208 1185 confide
239 1126 299 1169 ad
327 1125 521 1170 Ticinum
548 1124 678 1180 νίἶῖο,
708 1130 836 1171 altero
867 1146 920 1172 ex
949 1129 1098 1171 Sicilia
1124 1143 1343 1183 revocato,

46 1201 209 1244 duobus
251 1198 490 1258 confidibus
510 1231 525 1254 ‚
571 1200 730 1244 duobus
769 1201 1053 1260 confielaribus
1094 1201 1345 1265 exercitibus*-

43 1272 163 1321 vidis
180 1303 193 1326 ‚
222 1289 323 1333 quos
352 1276 461 1317 alios
483 1274 630 1329 duces,
662 1291 765 1333 quas
797 1276 908 1319 alias
925 1276 1102 1335 legiones
1121 1272 1220 1336 effi,
1249 1289 1346 1333 qua}

44 1343 330 1410 arceſjc'ztztur?
368 1346 428 1394 Ita
466 1344 629 1410 territis
668 1346 960 1407 Sempronius
999 1345 1159 1392 consul
1198 1345 1345 1391 adve-

45 1420 114 1466 nit
129 1455 142 1476 ‚
170 1417 342 1482 ingenti
363 1418 569 1481 periculo
594 1435 674 1481 per
691 1418 859 1466 effusos
882 1419 1034 1481 paffim
1052 1418 1107 1465 ad
1135 1418 1343 1479 praedan-

45 1493 154 1538 dum
186 1490 384 1537 hostium
417 1491 590 1553 equites
626 1491 844 1555 (audacia
869 1492 1040 1555 magis,
1070 1508 1206 1555 quam
1229 1507 1342 1538 con-

46 1564 146 1610 filio
169 1576 246 1609 aut
278 1562 351 1625 spe
381 1562 568 1610 fallendi
602 1563 917 1623 refistendive‚
949 1565 981 1611 fi
1011 1581 1107 1612 non
1131 1564 1347 1628 falleret)

46 1636 434 1699 transgressus.1d
470 1636 607 1716 quod
631 1654 772 1684 unum
808 1638 1002 1684 maxime
1032 1638 1079 1684 in
1108 1637 1346 1701 praetentio

30 1708 411 1783 desiderabatur,
435 1707 632 1755 comitiis
655 1708 882 1756 consulari
870 1711 966 1757 bus
986 1710 1149 1756 habitis
1164 1746 1190 1769 ,
1206 1710 1254 1756 in
1275 1710 1347 1756 hi·-

48 1765 189 1830 berna
221 1781 368 1830 rediit.
415 1782 570 1828 Creati
600 1781 806 1830 consules
838 1784 925 1830 Cn
962 1783 1179 1829 Servilius
1212 1785 1263 1830 &
1287 1785 1344 1832 C

48 1858 304 1907 FlaminiuS.
347 1859 563 1906 Ceterum
599 1876 656 1905 ne
687 1859 873 1906 hiberna
907 1859 1091 1923 quidem
1125 1859 1348 1906 Romanis

48 1931 202 1995 quieta
233 1943 394 1990 erant,
432 1932 703 1996 vagantibus
738 1933 894 1995 passim
929 1931 1139 1978 Numidis
1176 1933 1348 1995 equiti-

50 2009 156 2063 bus,
177 2008 228 2054 &
243 2042 257 2064 ‚
277 2023 364 2070 qua
389 2007 457 2053 his
484 2007 772 2069 impeditiora
796 2018 945 2061 erant,
966 2004 1204 2054 Celtiberis
1221 2005 1347 2054 Lusi-

49 2080 269 2145 tanisque.
309 2082 485 2127 Omnes
518 2080 651 2144 igitur
673 2080 807 2127 clausi
833 2080 1032 2142 undique
1065 2090 1353 2125 commeatus

49 2167 208 2212 erant,
238 2153 317 2199 nifi
350 2170 469 2217 quos
501 2154 623 2200 Pado
660 2171 796 2200 naves
831 2153 1138 2199 subveherent.
1175 2154 1352 2214 Εῐηροει

49 2228 170 2274 rium
201 2243 346 2291 prope
365 2227 638 2274 Placentiam
671 2226 782 2283 fuit,
817 2228 868 2274 ὃς
890 2243 1028 2288 opere
1060 2243 1225 2289 magno
1246 2243 1350 2272 mu·-

52 2297 227 2353 nitum,
260 2300 310 2346 &
343 2299 497 2347 valido
533 2296 758 2345 firmatum
793 2298 1016 2361 praesidio.
1051 2296 1149 2358 ejus
1183 2297 1352 2346 castelli

53 2371 350 2432 oppugnandi
386 2369 459 2434 spe
502 2387 605 2418 cum
639 2371 865 2433 equitibus
906 2388 956 2418 ac
993 2370 1089 2417 levi
1125 2383 1351 2417 armatura

52 2439 280 2503 profectus
301 2443 555 2500 Hannibal,
578 2461 680 2492 cum
706 2444 951 2506 plurimum
979 2443 1025 2489 in
1052 2443 1241 2490 celando
1273 2443 1357 2487 in·-

56 2524 191 2578 cepto
224 2515 278 2563 ad
311 2514 518 2564 effectum
552 2516 645 2581 spei
683 2517 930 2577 habuiffet,
964 2517 1096 2562 nocie
1129 2516 1314 2574 adortus
1330 2548 1359 2571 ,.

971 2592 1010 2638 C
1031 2606 1055 2638 c
1091 2606 1124 2650 4
