1701 3008
259 217 349 277 395
644 212 1205 264 T1T1L1V11

255 322 494 386 conspectu
520 320 715 369 hostium
738 320 833 368 acie
860 320 1022 369 directa
1041 357 1055 381 ‚
1089 321 1353 386 potestatem
1373 340 1535 389 pugnae

254 394 374 442 fecit.

319 468 520 514 XLVIII.
559 466 812 530 Insequenti
846 468 979 515 noCte
1012 468 1154 522 caedes
1186 468 1234 516 in
1270 469 1419 518 castris
1438 471 1538 518 Ro-

253 541 424 600 manis,
456 540 651 588 tumultu
681 554 830 588 tamen
862 559 998 605 quam
1028 559 1075 589 re
1104 542 1281 604 major,
1316 544 1371 590 ab
1407 543 1539 590 auxi-

254 614 434 660 liaribus
456 614 599 662 Gallis
627 613 735 661 fasta
770 614 844 662 est,
881 615 935 661 ad
961 615 1054 662 duo
1087 617 1228 663 millia
1259 616 1458 677 peditum
1488 619 1539 666 &

254 691 436 738 ducenti
468 691 637 754 equites
653 727 667 749 ,
697 690 913 754 vigilibus
942 692 997 739 ad
1018 704 1171 754 portas
1197 692 1428 741 trucidatis
1449 729 1462 751 ,
1482 692 1538 739 ad

253 763 549 810 Hannibalem
573 763 899 828 transfugiunt:
930 781 1045 828 quos
1065 765 1234 811 Poenus
1265 764 1458 828 benigne
1475 765 1537 812 al-

254 835 463 894 locutus,
493 838 542 884 &
571 836 646 899 spe
672 837 921 901 ingentium
949 837 1181 883 donorum
1211 836 1424 884 accensos
1443 873 1456 895 ‚
1486 838 1538 885 *in

253 910 456 956 civitates
493 928 715 974 quemque
746 911 873 969 suas,
911 911 967 957 ad
1001 909 1312 969 sollicitandos
1347 912 1540 974 popula-

252 981 366 1027 rium
400 982 575 1030 animos
611 983 787 1031 dimifit.
825 983 1003 1045 Scipio,
1039 982 1209 1029 caedem
1242 999 1338 1030 eam
1367 983 1538 1046 signum

252 1052 518 1104 defestionis
536 1056 743 1104 omnium
762 1055 1005 1103 Gallorum
1023 1056 1108 1103 effe
1124 1068 1269 1115 ratus,
1289 1058 1541 1104 contaiios-

251 1145 339 1191 que
369 1145 425 1175 eo
454 1129 646 1188 scelere,
680 1132 806 1179 velut
829 1131 990 1193 inje&a
1019 1131 1141 1178 rabie
1160 1168 1174 1189 ,
1214 1131 1269 1177 ad
1296 1148 1418 1178 arma
1445 1132 1536 1179 itu-

253 1219 356 1259 ros3
392 1220 650 1266 quanquam
682 1205 827 1266 gravis
860 1204 1003 1267 adhuc
1022 1204 1212 1252 vulnere
1242 1216 1363 1263 erat,
1388 1216 1539 1252 tamen

253 1287 409 1335 quarta
429 1276 584 1339 vigilia
605 1277 748 1324 nostis
769 1277 1040 1340 insequentis
1061 1277 1201 1324 tacito
1225 1277 1403 1341 agmine
1425 1294 1538 1340 pro-

255 1346 393 1402 fecitis
422 1349 476 1394 ad
495 1349 706 1396 Trebiam
727 1350 917 1397 fluvium
937 1386 951 1407 ,
981 1350 1028 1395 in
1053 1349 1154 1397 loca
1183 1350 1343 1398 altiora
1379 1350 1539 1398 colles·-

254 1435 343 1481 que
359 1419 667 1482 impeditiores
687 1422 829 1486 equiti
848 1421 981 1469 castra
999 1434 1173 1468 movet.
1209 1423 1385 1481 Minus,
1403 1440 1536 1485 quam

253 1492 308 1538 ad
336 1492 576 1553 Ticinum,
611 1495 799 1543 fefellit:
834 1495 1054 1559 miffisque
1087 1495 1312 1542 Hannibal
1344 1495 1538 1558 primum

254 1565 460 1613 Numidis
479 1603 494 1624 ‚
528 1567 688 1615 deinde
719 1569 846 1616 omni
877 1570 1108 1634 equitatu,
1143 1568 1354 1615 turbaffet
1380 1569 1538 1633 utique

254 1638 547 1686 noviffimum
578 1657 767 1705 agmen,
803 1643 849 1689 ni
879 1642 1093 1690 aviditate
1125 1642 1289 1705 praedae
1317 1641 1365 1688 in
1397 1658 1538 1691 vacua

255 1710 460 1758 Romana
478 1711 616 1759 castra
636 1715 844 1761 Numidae
865 1715 1163 1764 devertiffent.
1195 1716 1259 1762 Ibi
1279 1716 1385 1763 dum
1399 1752 1413 1775 ,
1433 1734 1538 1780 per-

253 1782 497 1832 scrutantes
520 1787 621 1834 loca
648 1789 802 1836 omnia
822 1790 1094 1849 castrorum,
1112 1790 1239 1837 nullo
1259 1789 1359 1838 satis
1389 1791 1531 1855 digno

254 1871 395 1903 morae
413 1859 561 1921 pretio
588 1873 762 1925 tempus
790 1874 965 1920 terunt,
993 1862 1168 1910 emiffus
1198 1863 1333 1909 hostis
1359 1863 1413 1909 de
1438 1879 1532 1910 ma-

257 1929 388 1978 nibus
407 1932 490 1979 est:
523 1936 573 1982 δε
603 1953 702 1982 cum
728 1936 816 1997 jam
835 1937 1121 2001 transgressos
1137 1938 1348 1985 Trebiam
1370 1938 1537 1984 Roma·-

258 2018 344 2048 nos
358 2039 370 2061 ‚
390 2006 692 2071 metantesque
718 2010 854 2056 castra
877 2010 1231 2073 conspexiffent‚
1250 2028 1420 2073 paucos
1437 2027 1537 2057 mo·

259 2088 459 2124 ratorum
493 2081 758 2129 occiderunt
775 2120 789 2141 ‚
811 2084 921 2131 citra
947 2084 1114 2131 flumen
1131 2085 1418 2145 interceptos.
1446 2083 1537 2130 Sci·

256 2147 335 2209 pio
355 2184 368 2206 ‚
402 2167 485 2198 nec
516 2154 808 2202 vexationem
840 2158 1039 2204 vulneris
1059 2157 1105 2204 in
1130 2159 1204 2205 via
1223 2157 1399 2218 jacianti
1420 2157 1536 2205 ultra

258 2220 427 2280 patiens
445 2259 458 2281 ‚
482 2226 531 2271 &
562 2227 777 2290 collegam
817 2227 930 2290 (jam
964 2229 1084 2275 enirn
1110 2231 1160 2277 &
1187 2240 1452 2275 revocatum
1479 2245 1535 2273 ex

256 2292 407 2341 Sicilia
426 2298 653 2363 audierat)
693 2313 812 2348 ratus
841 2302 1179 2365 exsp-efflantium
1201 2338 1212 2359 ,
1246 2301 1425 2356 locum,
1457 2300 1535 2363 qui

214 2375 216 2377 “
257 2381 401 2428 prope
421 2367 586 2417 flumen
614 2373 844 2421 tutiffimus
877 2373 1047 2422 stativis
1066 2374 1127 2420 est
1146 2373 1289 2432 visus,
1315 2374 1533 2420 delefium

256 2440 537 2488 communiit.
573 2442 669 2490 Nec
702 2447 863 2507 procul
898 2446 1000 2493 inde
1024 2447 1250 2494 Hannibal
1281 2465 1384 2494 cum
1417 2463 1532 2494 con-

258 2507 454 2573 sedisset,
482 2528 697 2579 quantum
734 2518 919 2567 ‘dicteria
947 2519 1133 2583 equestri
1163 2519 1327 2579 elatus,
1361 2515 1532 2566 tantum
