1701 3008
199 215 800 263 HISTORIARUM
836 217 1143 264 LIB.XX1,
1246 235 1336 283 403

41 337 148 375 erat.
201 325 246 372 in
286 324 503 373 cornibus
536 323 829 371 circumfudit
868 325 1022 373 decem
1044 326 1181 374 millia
1212 328 1341 391 equi-

44 411 170 446 tum:
200 401 251 446 &
277 399 333 445 ab
364 397 583 446 cornibus
619 397 665 443 in
696 409 933 461 utramque
964 411 1137 461 partem
1170 399 1342 447 divisos

40 472 311 536 elephantos
336 471 497 519 statuit.
533 469 710 518 Consul
746 469 910 516 effusos
944 470 1178 534 sequentes
1209 473 1342 536 equi-

43 558 108 594 tes
127 581 142 604 ‚
181 562 284 592 cum
320 545 377 592 ab
402 544 710 592 vresistentibus
740 543 890 590 subito
924 544 1136 592 Numidis
1172 546 1342 594 incauti

37 617 363 680 exciperentur
379 655 394 675 ‚
424 618 552 682 figno
582 616 786 680 receptui
808 618 916 664 dato
938 653 951 676 ‚
983 634 1232 665 revocatos
1251 620 1342 666 cir-

44 691 275 738 cumdedit
310 690 550 754 peditibus.
588 691 929 755 Duodeviginti
964 690 1104 738 millia
1140 693 1342 739 Romani

43 781 195 826 erant,
222 766 399 814 socium
428 766 631 813 nominis
651 765 797 813 Latini
819 765 1014 830 viginti3
1039 765 1204 812 auxilia
1225 758 1342 829 prze-

42 853 164 889 terea
194 841 585 899 Cenomanorum.
618 856 669 886 ea
692 838 785 886 sola
811 840 858 886 in
878 838 966 886 fide
985 840 1206 887 manserat
1225 842 1340 888 Gal-

44 915 131 962 lica
157 929 277 978 gens.
313 912 382 959 his
403 912 548 975 copiis
576 912 850 960 concursum
880 912 957 960 est.
976 914 1196 961 Proelium
1215 932 1240 961 a
1257 916 1340 962 Ba-

44 986 228 1033 liaribus
262 996 414 1031 ortum
445 984 532 1039 est3
567 984 731 1048 quibus
763 1002 866 1031 cum
888 984 1060 1048 majore
1085 988 1256 1034 robore
1276 988 1342 1035 le-

43 1058 204 1123 giones
230 1055 525 1113 obsisterent,
554 1056 755 1103 deduerae
789 1073 983 1120 propere
1004 1058 1049 1105 in
1080 1076 1254 1107 cornua
1274 1061 1341 1108 le-

46 1148 127 1180 ves
161 1141 398 1177 armaturae
431 1128 545 1176 sunt.
585 1146 687 1193 quae
723 1145 793 1176 res
830 1130 1004 1189 effecit,
1035 1144 1085 1178 ut
1114 1134 1341 1196 equitatus

45 1205 282 1251 Romanus
318 1201 551 1265 extemplo
581 1214 842 1267 urgeretur:
876 1221 980 1251 nam
1006 1222 1111 1253 cum
1131 1207 1214 1255 vix
1249 1206 1339 1269 jam

43 1293 124 1342 per
152 1276 195 1323 se
226 1275 477 1323 refisterent
507 1275 664 1323 decem
685 1275 884 1325 millibus
903 1278 1108 1343 equitum
1143 1293 1342 1343 quatuor

42 1352 185 1400 millia
202 1389 216 1410 ,
246 1353 298 1400 &
320 1351 412 1398 feffi
438 1350 661 1415 plerisque
681 1350 892 1415 integris,
920 1352 1073 1399 obruti
1103 1352 1204 1401 sunt
1222 1354 1342 1401 insu-

43 1444 125 1492 per
151 1426 278 1476 velut
298 1426 419 1474 nube
443 1425 699 1489 jaculorum
723 1442 747 1472 a
768 1426 1015 1473 Baliaribus
1035 1426 1251 1489 conjetta.
1285 1427 1342 1474 ad

39 1502 139 1551 hoc
174 1501 434 1565 elephanti,
473 1500 720 1547 eminentes
754 1500 810 1546 ab
845 1501 1056 1548 extremis
1092 1501 1340 1559 cornibus,

45 1575 208 1641 (equis
234 1575 430 1622 maxime
464 1590 560 1621 non
591 1573 690 1620 visu
720 1573 894 1632 modo,
931 1573 1004 1620 sed
1034 1575 1181 1622 odore
1213 1574 1341 1622 inso-

47 1651 132 1697 lito
154 1648 352 1713 territis)
384 1648 534 1712 fugam
564 1647 651 1694 late
682 1646 918 1695 faciebant.
953 1647 1169 1697 Pedestris
1189 1666 1341 1712 pugna

45 1741 127 1788 par
146 1723 304 1770 animis
334 1722 497 1786 magis,
520 1738 656 1786 quam
674 1720 871 1780 viribus,
899 1733 1024 1778 erat;
1052 1738 1161 1785 quas
1184 1739 1343 1769 recen-

44 1808 111 1844 tes
132 1799 323 1853 Poenus,
341 1794 481 1858 paulo
503 1807 606 1842 ante
637 1795 800 1843 curatis
825 1794 1097 1857 corporibus
1111 1831 1125 1854 ,
1149 1795 1194 1842 in
1216 1813 1340 1859 proe-

47 1870 158 1916 lium
184 1869 420 1916 attulerat:
441 1884 625 1926 contra,
645 1867 794 1930 jejuna
815 1868 1006 1932 fessaque
1024 1884 1223 1931 corpora
1246 1870 1343 1917 Ro-

45 1943 189 1990 manis
225 1943 275 1989 &
313 1941 505 2006 rigentia
540 1942 641 2005 gelu
678 1930 934 2005 to¹rpebant.
978 1941 1229 1988 restitissent
1270 1954 1340 1989 ta-

46 2033 151 2063 men
189 2015 377 2072 animis,
423 2015 453 2061 fi
489 2033 592 2063 cum
624 2015 775 2078 pedite
811 2015 958 2062 solum
1003 2014 1125 2061 foret
1164 2032 1341 2080 pugna-

43 2100 156 2134 tum.
187 2087 271 2133 Sed
299 2088 347 2133 δε
366 2085 584 2145 Baliares,
610 2086 739 2149 pulso
767 2087 944 2150 equite,
963 2085 1272 2148 jaculabantur
1293 2087 1340 2133 in

49 2159 212 2219 latera,
234 2161 284 2207 &
304 2159 529 2221 elephanti
552 2158 642 2222 jam
667 2160 713 2206 in
744 2160 935 2206 mediam
957 2159 1161 2222 peditum
1196 2159 1340 2206 aciem

48 2233 135 2280 sese
155 2235 349 2281 tulerant
369 2252 379 2281 :
412 2237 463 2282 &
483 2236 620 2298 Mago
642 2235 942 2297 Numidaeque
956 2270 971 2292 ‚
991 2234 1119 2280 fimul
1151 2233 1342 2282 latebras

48 2322 206 2353 eorum
240 2307 499 2370 improvida
531 2307 781 2371 praeterlata
816 2307 933 2354 acies
969 2307 1063 2365 est,
1097 2307 1246 2354 exorti
1287 2308 1343 2354 ab

49 2392 181 2442 tergo
202 2379 428 2443 ingentem
449 2381 694 2428 tumultum
724 2397 776 2429 ac
799 2392 1021 2427 terrorem
1053 2379 1216 2427 fecere.
1249 2382 1343 2427 Ta·-

51 2468 155 2506 men
183 2451 230 2498 in
260 2466 333 2499 tot
359 2452 749 2500 circumstantibus
773 2452 900 2499 malis
936 2452 1095 2499 mansit
1125 2452 1341 2515 aliquam-

50 2525 129 2570 diu
166 2524 354 2573 immota
388 2526 534 2582 acies;
568 2528 758 2574 maxime
787 2539 950 2590 praeter
985 2527 1105 2589 spem
1135 2526 1340 2572 omnium

460 2608 464 2617 '
938 2601 977 2646 C
998 2617 1021 2645 c
1060 2615 1080 2660 3
