1701 3008
240 199 328 248 IN
373 199 550 248 too.
595 175 733 246 L‘IB.
769 171 1172 246 Xv111L1x'r.
1296 210 1405 263 255-

96 310 154 350 eis
179 308 460 349 exscensionem
492 307 702 356 facientes,
734 306 878 358 oppida
910 304 1031 345 multa
1059 312 1266 356 ceperunt,
1293 318 1389 356 prae.

98 376 224 426 daque
255 386 397 425 magna
429 373 542 424 potiti
569 371 667 411 sunt.

154 437 278 477 XLII.
309 435 472 486 Majoris
499 442 630 473 tamen
656 432 707 471 rei
735 431 832 470 nihil
857 431 934 483 geri
964 427 1112 481 potuit,
1137 429 1242 480 quod
1279 432 1393 468 c'om·

52 509 56 512 '
99 499 405 539 modislimorum
441 509 682 548 quorumque
721 494 897 534 locorum
939 494 1043 532 aditu
1072 485 1391 543 prohiberentur,

97 561 389 601 occurrentibus
415 560 558 610 ubique
585 558 734 606 Poenis,
757 557 821 608 qui
848 557 972 595 minus
997 557 1075 604 jam
1095 555 1393 605 impedimento-

98 626 241 663 rum-S:
264 623 348 674 plus
375 621 491 662 animi
517 619 734 666 habebant,
751 617 940 668 receptis,
966 629 1047 666 quae
1072 615 1313 666 M.Regulus
1340 624 1395 653 te-

99 695 256 734 nuerat,
276 684 493 736 punitisque
520 681 790 722 defestoribus.
816 678 1016 719 Hamilcar
1040 679 1145 717 enim
1167 678 1394 718 Numidiam

101 748 450 797 mauritaniamque
479 746 731 796 pervagatus,
764 744 926 781 tractum
961 753 1049 778 eum
1078 752 1236 778 omnem
1263 752 1396 789 perpa-

101 820 278 860 caverat,
310 811 509 861 imperatis
549 799 673 858 poenae
703 806 790 845 loco
826 804 932 844 mille
962 804 1113 843 talentis
1146 803 1324 853 argenti,
1359 803 1395 841 δε

103 873 241 924 viginti
272 871 444 911 millibus
468 871 612 919 boum,
634 868 850 920 punitisque
876 866 1120 918 principibus
1136 895 1148 912 ‚
1177 865 1242 914 qui
1268 863 1399 903 favisse

103 933 290 974 Romanis
317 931 575 984 arguebantur
592 961 602 979 ,
626 943 791 980 quorum
815 929 863 967 ad
887 927 1007 967 millia
1035 928 1108 966 tria
1139 925 1315 978 patibulo
1345 925 1398 964 uf-

102 996 172 1036 fixi
189 998 286 1037 sunt.
314 997 451 1046 Neque
474 1004 605 1033 tamen
628 992 795 1031 hostium
815 990 994 1030 occursus
1009 1021 1020 1036 ‚
1038 1003 1153 1040 quam
1177 990 1397 1040 ignorantia

102 1057 302 1106 locorum,
334 1060 369 1097 Sc
403 1069 512 1096 caecae
550 1055 618 1094 sub
657 1054 763 1105 aquis
799 1053 963 1100 infidiae,
999 1051 1285 1091 formidabilior
1316 1051 1397 1091 Ro.

102 1134 226 1161 mance
262 1120 366 1160 clasli
398 1121 484 1160 fuit.
534 1119 744 1160 Subvecstos
781 1117 830 1156 ad
864 1115 1089 1166 Nleningem
1111 1144 1124 1161 ,
1153 1114 1400 1165 Lotophago-

102 1197 188 1223 rum
213 1183 401 1232 insulam,
427 1195 510 1234 quae
533 1181 670 1220 minori
700 1179 798 1231 Syrti
826 1179 951 1217 vicina
983 1177 1058 1224 est,
1092 1177 1296 1216 recedente
1322 1190 1400 1216 ma-

104 1246 153 1285 ris
182 1246 269 1285 aestu
292 1243 431 1285 vadosa
459 1242 546 1283 loca
573 1249 752 1280 tenuere:
783 1240 907 1279 donec
931 1240 1076 1288 jactura
1097 1237 1239 1276 levatas
1258 1248 1400 1284 naves,

104 1310 143 1349 &
165 1317 337 1347 extrema
369 1305 500 1346 omnia
530 1310 769 1351 metuentes,
800 1310 935 1353 praeter
968 1300 1074 1362 sHem
1101 1299 1236 1339 reversi
1261 1299 1401 1338 fluetus

104 1371 389 1423 explicuerunt.
990 1366 996 1379 ³

162 1432 304 1474 XLIII.
337 1432 394 1472 Ita
415 1443 494 1469 non
519 1430 678 1479 impune
699 1425 842 1478 pestem
863 1422 1181 1464 evidentiffimam
1207 1422 1320 1474 elapsi
1338 1454 1348 1471 ,
1364 1423 1401 1462 8:

106 1496 194 1536 loca
220 1505 299 1534 tam
334 1493 467 1532 infesta
498 1490 722 1537 horrentes,
750 1488 826 1527 fine
852 1498 960 1526 mora
992 1485 1226 1536 fugientium
1256 1486 1295 1523 in
1322 1483 1403 1534 spe-

106 1559 208 1595 ciem
235 1554 318 1594 vela
346 1553 548 1592 fecerunt:
579 1549 699 1600 ignari
726 1561 805 1587 non
833 1548 960 1585 minus
986 1546 1071 1597 ipsis
1094 1543 1282 1595 superesse
1308 1543 1406 1594 peri-

108 1617 241 1657 culum
253 1648 264 1663 ‚
282 1615 387 1667 quod
403 1615 575 1659 adirent,
593 1623 707 1662 quam
724 1608 828 1659 quod
846 1607 1090 1646 evitaverant.
1109 1605 1158 1645 Et
1173 1605 1405 1645 Panormum

107 1682 269 1733 quidem
297 1677 546 1718 redeuntibus
578 1674 779 1713 innoxium
805 1673 876 1710 iter
907 1671 995 1710 fuit.
1036 1670 1217 1710 Ceterum
1253 1667 1405 1708 Italiam

110 1740 322 1791 petituros,
353 1738 446 1775 dum
485 1733 649 1774 Palinuri
685 1731 993 1782 promontorium
1034 1729 1220 1775 flectunt,
1251 1729 1354 1778 quod
1384 1740 1407 1766 a

114 1794 278 1841 Lucanis
321 1796 519 1837 montibus
553 1796 592 1833 in
624 1807 726 1833 mare
754 1792 970 1843 procurrit,
999 1802 1137 1841 magna
1173 1788 1405 1839 tempestatis

111 1863 171 1902 vis
187 1862 320 1900 adorta
334 1892 344 1907 ‚
367 1859 501 1912 longas
526 1869 640 1896 naves
668 1854 777 1905 supra
797 1861 953 1905 centum
970 1850 1163 1902 sexaginta
1179 1881 1190 1900 ,
1211 1863 1299 1890 curn
1324 1850 1406 1902 hip-

109 1925 316 1978 paginibus
337 1926 371 1964 &
389 1922 567 1962 onerariis
592 1919 720 1959 multis
736 1949 746 1968 ,
772 1917 969 1970 profundo
998 1915 1133 1955 merfit.
1165 1915 1294 1965 Quare
1315 1924 1409 1952 con-

110 1990 228 2029 tinuis
258 1987 332 2026 hoc
363 1997 484 2037 genus
513 1984 688 2023 cladibus
725 1981 855 2021 moesta
886 1980 1065 2026 civitate,
1087 1990 1176 2016 cum
1201 1977 1407 2027 imperium

113 2051 226 2090 maris
251 2048 336 2099 ipsa:
360 2049 475 2086 etiam
503 2046 612 2084 undae
630 2045 773 2096 iplique
799 2043 901 2082 venti
926 2041 1103 2081 Romano
1133 2051 1270 2089 negare
1295 2035 1408 2075 vide-

113 2120 266 2158 rentur,
299 2110 501 2148 decrevere
540 2107 695 2153 Patres,
731 2117 778 2143 ne
817 2102 982 2153 amplius
1020 2100 1211 2151 sexaginta
1251 2098 1409 2137 navium

111 2175 262 2222 clallis,
289 2174 338 2213 ad
362 2172 575 2223 prcelidium
606 2169 739 2216 ltaliae,
771 2164 1085 2214 commeatusque
1111 2162 1322 2210 exercitui,
1342 2159 1409 2210 qui

113 2239 155 2277 in
177 2238 305 2279 Sicilia
336 2236 448 2284 cll'et,
475 2233 744 2273 subvehendos
766 2231 980 2269 haberetur.
1020 2227 1134 2267 Alteri
1156 2236 1286 2264 tamen
1312 2236 1412 2262 con-

114 2299 240 2340 sulum
264 2300 306 2340 C.
318 2298 546 2349 Sempronio
571 2296 768 2334 calamitas
789 2293 853 2332 ista
871 2305 947 2331 non
972 2290 1141 2337 obstitit,
1159 2289 1250 2339 quin
1274 2288 1408 2326 trium-

114 2363 239 2415 phum
272 2363 319 2401 de
345 2360 626 2410 Poenis-ageret
658 2356 839 2397 Kalendis
877 2353 1093 2405 Aprilibus,
1134 2352 1288 2391 decimo
1324 2346 1408 2400 post

165 2491 186 2534 §
213 2489 298 2521 XLI.
322 2488 440 2533 Polyb.
476 2486 599 2520 Zonar.
625 2486 744 2520 Marm.
781 2485 928 2530 Capitol.
967 2483 988 2528 §
1021 2480 1124 2517 XLII.
1160 2478 1281 2513 zonat.
1310 2474 1413 2512 Oros.

115 2548 159 2579 4,
179 2545 211 2580 9.
237 2534 384 2579 Appian.
410 2544 464 2578 ap.
485 2532 560 2569 Urs.
585 2531 706 2577 Polyb.
