1701 3008
238 191 317 243 IN
355 195 528 243 Loe.
579 164 1133 243 Liss.xv·11.1v.'
1240 207 1326 247 m

45 299 152 344 mille
166 302 386 354 quingentis
400 301 564 352 paffibus
581 315 601 342 a
619 301 880 342 Romanorum
900 302 1024 342 castris
1039 302 1258 352 distantem,
1274 306 1336 344 in.-

44 366 156 406 sedit.
204 366 330 406 Serius
361 374 490 403 tamen
521 364 715 416 aliquanto
732 396 742 414 ‚
769 379 885 416 quam
915 366 1012 404 inter
1036 366 1229 405 exercitus
1254 372 1336 407 ta'm

46 428 289 479 propinquos
317 426 458 477 sperari
491 427 697 478 potuisset,
721 426 918 466 commissa
948 440 1075 478 pugna
1103 427 1181 476 est;
1215 429 1335 468 modo

49 491 256 541 Romanis,
279 493 398 532 modo
430 492 554 531 Poenis
585 493 696 532 unius
730 490 857 541 proelii
886 490 1047 530 fortunae
1074 489 1157 541 spes
1186 492 1339 530 univer-

48 552 106 592 sas
132 553 377 591 committere
400 551 715 591 formidantibus.
745 550 878 590 Donec
902 550 1015 601 igitur
1039 551 1238 602 pugnandi
1260 552 1340 590 avi-

51 613 137 653 dior
163 613 305 653 Hanno
329 612 430 660 fuit,
458 612 624 651 Romani
658 611 784 650 castris
812 610 886 650 suis
914 610 951 649 se
976 620 1205 651 tenuerunt:
1233 610 1340 661 quod

51 685 214 714 numero
229 706 242 723 ‚
260 676 295 714 Sc
317 672 537 721 alacritate,
553 672 620 722 ipii
637 672 870 710 detrimento
891 671 1063 721 equitum
1079 671 1234 712 suorum
1258 685 1342 723 per-

53 737 145 777 culfi
174 740 210 778 Sc
228 744 437 776 moerentes
452 766 461 782 ,
479 737 735 774 vincerentur.
770 732 968 784 Postquam
987 742 1114 773 autem
1131 735 1344 774 dubitatio-

52 814 103 839 ne
126 800 190 840 sua
214 799 406 838 sociorum
431 798 579 836 animos
606 793 873 845 languescere,
895 794 1018 834 hostes
1040 795 1079 833 in
1098 794 1206 846 spem
1224 795 1342 846 erigi,

55 861 262 912 duriusque
291 859 358 899 fibi
385 858 532 898 bellum
562 870 653 896 cum
676 856 828 907 inopia,
853 869 966 906 quam
988 868 1076 894 cum
1093 856 1217 896 Poenis
1238 856 1345 895 futu-

52 937 141 965 rum
169 922 367 969 arbitrati,
400 929 596 960 certamen
630 920 838 957 detrectare
868 917 1079 966 desierunt3
1110 919 1253 958 Hanno
1281 917 1346 957 vi·-

56 987 177 1027 cissim
209 983 442 1036 tergiversari
473 983 614 1034 coepit,
634 985 669 1022 ὁὶ
696 982 824 1021 omnia
846 989 1025 1021 metuere.

60 1058 63 1061 ’
111 1050 207 1090 LVI.
239 1049 327 1090 Duo
355 1047 503 1087 menses
526 1047 573 1086 fic
594 1047 745 1095 exaffl,
760 1053 802 1084 ut
816 1057 949 1095 praeter
966 1041 1064 1084 levia
1084 1043 1221 1095 proelia
1236 1075 1248 1094 ,
1262 1056 1346 1095 quze

56 1112 204 1155 fiebant
225 1112 425 1164 quotidie,
440 1110 537 1150 nihil
558 1111 715 1160 majoris
741 1110 794 1147 rei
822 1118 1023 1159 gereretur.
1052 1108 1112 1148 Ad
1129 1117 1349 1147 extremum

58 1177 329 1230 frequentibus
364 1174 593 1216 Hannibalis
628 1172 805 1224 precibus
840 1180 994 1220 motus,
1021 1172 1086 1222 qui
1119 1173 1155 1212 ἃ
1184 1174 1346 1211 nuntios

59 1240 239 1281 mittebat
266 1237 437 1285 assidue,
468 1238 504 1276 81
528 1234 678 1274 facibus
708 1232 872 1273 accensis
910 1232 1011 1284 figna
1042 1232 1174 1272 crebra
1205 1233 1347 1273 edebat

59 1305 205 1344 famem
233 1300 398 1352 amplius
430 1296 584 1338 obsessis
613 1297 765 1336 tolerari
796 1309 874 1334 non
905 1294 1033 1346 poffe,
1061 1294 1276 1346 multosque
1303 1309 1349 1335 ea
1379 1341 1382 1349 ¹

59 1368 162 1420 peste
196 1366 350 1404 coactos
378 1362 427 1402 ad
453 1361 601 1401 hostem
626 1360 861 1409 transfugere
885 1372 896 1407 3
934 1358 1174 1398 dimicationi
1199 1371 1351 1399 moram

58 1428 217 1469 ulterius
235 1425 382 1465 nullam
402 1423 535 1475 afferre
556 1422 726 1464 decrevit
743 1436 752 1461 :
781 1421 919 1461 eodem
944 1429 1116 1472 tempore
1130 1420 1350 1461 Hannibale

59 1503 215 1544 quoque
240 1503 330 1529 cum
357 1489 431 1528 suis
461 1489 702 1539 eruptionem
728 1499 776 1525 ex
799 1485 891 1524 urbe
923 1485 1086 1526 facturo.
1131 1487 1228 1536 Quae
1256 1499 1348 1525 cum

60 1550 413 1596 animadvertissent
441 1551 615 1590 consules
631 1581 640 1597 ,
660 1551 756 1589 intra
784 1549 848 1589 sua
876 1547 914 1587 se
930 1548 1044 1587 castra
1069 1546 1188 1599 quieti
1216 1557 1348 1588 tenue-

61 1625 161 1657 runt.
184 1629 230 1655 eo
247 1616 412 1655 ferocius
434 1615 574 1655 Hanno
591 1615 715 1653 aciem
741 1612 960 1652 instructam
986 1611 1195 1661 ostentare,
1223 1613 1259 1651 &
1280 1610 1347 1650 ubi

63 1694 179 1721 nemo
205 1689 339 1719 contra
369 1679 471 1725 exit,
498 1677 566 1717 sub
600 1677 680 1728 ipsa
709 1677 974 1716 Romanorum
1000 1675 1242 1714 munimenta
1265 1673 1350 1725 sug-

64 1742 195 1794 gredi‚
212 1741 261 1780 ad
279 1753 447 1792 pugnam
475 1740 652 1779 audacter
673 1751 884 1790 provocare
900 1768 911 1786 ,
938 1737 1208 1776 cunctantibus
1235 1738 1349 1776 timo-

64 1816 146 1842 rem
178 1804 213 1842 ὃ(
241 1803 436 1853 ignaviam
466 1800 667 1850 objicere:
696 1799 752 1838 illi
787 1799 934 1838 hostem
970 1797 1118 1837 levibus
1147 1797 1290 1848 proeliis
1327 1811 1350 1837 a

63 1864 167 1905 vallo
203 1863 378 1916 repulisse
409 1863 610 1911 contenti,
639 1874 762 1913 neque
780 1872 912 1901 contra
939 1854 1135 1900 manentes
1158 1861 1350 1900 struebant

66 1929 218 1975 aciem,
243 1939 367 1976 neque
396 1927 620 1965 recedentes
645 1925 952 1976 insequebantur.
986 1925 1072 1965 Hoc
1102 1923 1168 1963 ubi
1196 1936 1262 1974 per
1285 1923 1350 1963 ali-

65 1999 163 2042 quot
182 1989 385 2028 continuos
405 1989 484 2028 dies
501 1989 645 2028 factum
658 2021 669 2037 ,
686 1988 883 2039 Poenisque
902 1990 979 2037 Jam
1003 1986 1218 2038 persuasum
1237 1986 1349 2035 esset,

64 2047 164 2104 nihil
191 2051 286 2090 ultra
313 2049 492 2089 ausurum
519 2050 760 2097 Romanum3
794 2052 835 2089 L.
862 2049 1073 2089 Postumius
1101 2048 1233 2088 consul
1259 2060 1351 2088 con-

67 2123 232 2156 temtum
254 2113 418 2152 hostium
435 2114 474 2150 in
495 2111 599 2151 suam
616 2113 855 2152 occasionem
872 2112 1025 2151 solerter
1042 2111 1163 2151 vertit.
1193 2111 1350 2150 Instruc-

69 2179 117 2218 tis
134 2178 235 2218 enim
263 2176 411 2216 filentio
438 2176 560 2226 copiis
581 2175 759 2215 omnibus
774 2207 784 2223 ,
800 2176 971 2226 intraque
999 2173 1141 2214 vallum
1163 2175 1320 2212 retentis
1338 2200 1350 2222 ,

70 2240 320 2280 accedentem
346 2251 416 2289 pro
447 2251 553 2276 more
582 2238 740 2277 Poenum
772 2249 861 2275 cum
893 2237 1021 2287 paucis
1050 2234 1301 2282 submovens,
1330 2247 1352 2274 a

72 2303 195 2354 prima
221 2301 307 2340 luce
339 2301 386 2340 ad
413 2300 546 2340 horam
576 2300 650 2339 diei
678 2300 819 2339 sextam
843 2298 1037 2337 velitando
1066 2297 1240 2336 detinuit.
1269 2305 1351 2335 tum

72 2364 230 2402 demum
252 2362 524 2413 recipientibus
545 2361 582 2401 se
603 2361 775 2401 hostibus
792 2360 996 2412 productas
1022 2371 1071 2397 ex
1093 2358 1219 2397 castris
1236 2357 1351 2408 legio»

73 2436 139 2466 nes
163 2423 332 2475 immisit.

120 2532 142 2575 §
170 2531 238 2565 LV.
263 2532 387 2566 Zonnr.
412 2534 434 2577 5
461 2531 546 2571 va.
561 2533 678 2577 Polyb.
695 2533 817 2566 Zonar.
833 2531 947 2566 Front.
967 2530 1067 2563 Strat.
1086 2537 1124 2569 α,
1139 2537 1171 2562 ι,

997 2590 1041 2630 O
1076 2600 1099 2625 ι
