1701 3008
238 215 323 263 ΙΝ
368 217 550 265 Loc,
593 219 736 265 ΜΒ.
781 218 1124 267 X111L1V.
1246 236 1330 285 ης

41 325 187 365 doliam
215 326 252 364 &
280 324 512 365 Heracleam
535 324 673 372 urbes,
691 324 779 364 loco
806 325 1007 376 campestri
1026 357 1036 373 ‚
1063 327 1111 366 ab
1136 325 1337 368 hostilibus

41 387 171 427 castris
193 385 334 425 divisus
357 387 427 427 Sisi
452 401 590 435 amne,
611 387 798 426 consedit.
830 386 945 426 Fama
960 387 1031 435 est,
1048 388 1237 438 Pyrrhum
1254 389 1337 440 spe-

42 450 198 490 culandi
219 449 331 489 causa
357 451 406 489 ad
436 463 591 489 amnem
620 450 858 501 progressum
874 480 885 499 ,
908 462 996 489 cuni
1022 452 1138 491 castra
1164 452 1338 493 Romana

44 512 249 564 diligenter
271 512 532 563 speclaviss'et,
556 513 624 552 uni
645 525 692 551 ex
715 513 872 561 amieis,
889 514 950 551 cui
972 514 1167 565 Megacles
1193 528 1338 555 nomen

43 586 145 626 erat,
172 576 327 617 dixiffe:
359 576 456 618 Ordo
484 589 570 614 certe
599 576 821 614 harbarorum
847 577 982 629 istorum
1005 578 1142 615 minime
1169 578 1337 616 barbarus

43 640 111 692 est:
142 651 180 678 at
199 637 298 692 fizc‘la
325 649 407 677 mox
433 639 626 687 noscemus.
658 666 682 673 w

98 703 168 743 ΠΙ.
201 703 305 743 Tum
331 709 461 741 autem
485 701 531 740 ad
560 701 685 751 ripam
706 697 816 740 firma
837 699 1029 739 collocata
1049 700 1207 739 statione
1222 731 1234 747 ,
1255 714 1338 751 quae

42 765 241 805 transitum
266 771 462 802 tentantes
487 771 633 801 arceret
651 792 662 809 ,
687 756 858 813 opperiri
887 761 1011 801 socios
1028 762 1223 801 constituit
1243 779 1251 803 :
1273 763 1339 802 su-

43 839 112 878 per
137 825 330 865 rationem
361 823 477 873 belli,
510 824 615 874 quod
645 823 842 862 Romanos
871 822 911 861 in
941 822 1066 861 hostili
1097 824 1252 873 regione
1280 837 1336 862 re-

44 903 131 929 rum
162 887 454 928 necessariarum
481 887 611 937 inopia
633 886 875 925 laboraturos
903 885 976 925 effe
1002 885 1196 936 sperabat,
1221 888 1338 927 etiam

44 949 187 990 fiducia
221 949 367 989 Laevini
395 947 560 987 anxius:
595 948 705 995 cujus
732 944 798 984 ille
825 945 1126 986 admirationem
1152 961 1255 987 novo
1286 957 1341 987 te-

43 1012 224 1053 stimonio
252 1024 374 1062 nuper
403 1020 593 1057 auxerat3
618 1008 776 1048 dimiffis
801 1009 961 1060 impune
985 1008 1179 1059 hostibus,
1205 1012 1268 1062 qui
1291 1012 1340 1051 ad

45 1073 430 1125 exploranda—castra
458 1080 662 1113 venerant:
693 1073 727 1112 Sc
757 1072 934 1124 adjecto,
951 1074 1022 1125 fibi
1043 1087 1205 1126 praeterea
1231 1075 1342 1126 majo-

43 1152 111 1177 rem
139 1139 249 1176 alium
274 1137 460 1176 exercitum
485 1136 558 1188 effe,
590 1135 693 1176 Inter
722 1135 827 1184 haec,
853 1144 895 1174 ut
917 1136 1050 1175 vicinis
1074 1136 1226 1184 castris,
1247 1136 1342 1176 veli-

45 1200 210 1240 tationes
242 1199 434 1239 continuae
463 1197 634 1238 fiebant:
669 1199 717 1237 ad
747 1197 937 1237 summam
966 1209 1088 1237 rerum
1116 1198 1342 1248 proficieba-

46 1271 109 1302 tur
137 1261 244 1302 nihil.
277 1262 398 1312 Igitur
415 1261 552 1300 diebus
573 1261 694 1300 ferme
715 1261 991 1312 quinquaginta
1012 1274 1078 1312 per
1097 1261 1179 1301 haec
1198 1262 1341 1301 leviora

45 1325 255 1364 certamina
285 1324 523 1372 consumti33
557 1322 718 1369 consul,
739 1324 845 1374 quod
872 1322 1005 1362 iisdem
1047 1323 1166 1362 eaufis
1198 1324 1246 1363 ad
1277 1323 1340 1362 fc-

45 1389 264 1429 stinandum
293 1387 497 1439 proelium,
523 1387 661 1437 quibus
695 1386 854 1438 Pyrrhus
887 1386 935 1425 ad
971 1385 1226 1426 differendum
1257 1401 1341 1426 mo-

44 1450 237 1498 vebatur,
266 1449 406 1489 milites
437 1449 476 1488 in
503 1449 735 1489 concionem
760 1458 918 1489 vocatos
943 1448 1086 1488 confilii
1114 1448 1168 1488 sui
1197 1450 1340 1488 certio-

45 1526 106 1553 res
132 1513 251 1560 facit‚
282 1511 462 1552 adversus
495 1513 587 1551 novi
620 1510 736 1550 hostis
766 1522 914 1551 metum
948 1511 1160 1551 confirmat.
1207 1510 1338 1563 Pyrrhi

45 1575 215 1624 famam,
242 1573 442 1613 beluarum
470 1582 679 1622 terrorem,
703 1583 891 1623 quantum
917 1573 1063 1624 potest,
1088 1572 1239 1613 elevat:
1276 1574 1342 1612 de-

46 1638 163 1688 nique
193 1637 305 1677 rebus
341 1638 393 1676 ita
416 1636 455 1675 se
484 1646 616 1687 parat,
645 1645 686 1675 ut
714 1635 774 1675 vel
800 1635 955 1676 volente
988 1648 1077 1674 cum
1106 1635 1210 1674 hoste
1242 1647 1342 1674 con-

48 1701 266 1752 grediatur,
294 1700 355 1740 vel
383 1700 497 1739 etiam
528 1700 693 1740 invitum
722 1709 837 1751 cogat
864 1700 914 1738 ad
943 1706 1149 1737 certamen.

103 1762 166 1804 IV.
182 1762 315 1812 ltaque
336 1762 536 1812 postquam
554 1760 741 1813 Pyrrhum
764 1773 918 1799 manere
945 1761 983 1798 in
1007 1758 1192 1798 sententia
1207 1757 1340 1807 videt,

46 1825 262 1875 equitatum
294 1837 452 1864 omnem
473 1855 484 1873 ,
514 1827 699 1874 tanquam
723 1823 771 1862 ad
798 1835 976 1873 agrorum
1006 1821 1174 1871 praedam
1200 1832 1341 1858 excur-

45 1879 202 1935 suruxn,
227 1887 454 1937 praemittit:
487 1886 568 1936 ipse
596 1898 686 1924 cum
716 1885 902 1924 instruens
933 1883 1147 1934 legionibus
1182 1881 1342 1932 opperi-

47 1957 134 1999 tur,
156 1950 282 1989 donec
306 1949 345 1988 in
367 1948 525 1988 adversa
548 1949 631 2000 ripa
652 1947 840 1988 tumultus
859 1950 893 1987 S<
911 1946 1057 1985 clamor
1078 1946 1155 1985 fiat.
1184 1945 1340 1995 Equites

47 2024 189 2061 magno
221 2025 242 2050 a
275 2010 400 2049 castris
428 2009 628 2049 intervallo
660 2007 935 2054 circumveffl,
961 2019 1035 2057 qua
1061 2004 1338 2044 incustoditum

46 2073 193 2112 flumen
216 2080 317 2120 erat,
340 2071 605 2120 transjiciunt3
636 2070 837 2109 stationem
865 2081 934 2119 pro
959 2066 1084 2106 hostili
1108 2067 1190 2118 ripa
1220 2066 1341 2105 collo-

47 2143 171 2174 catam
192 2133 301 2174 cursu
319 2142 482 2184 petunt:
502 2133 665 2183 Epirotae
680 2164 690 2180 ,
710 2132 833 2171 subita
859 2144 897 2169 re
924 2129 1108 2181 perterriti
1123 2160 1135 2176 ,
1152 2131 1200 2187 ari
1223 2129 1339 2169 castra

47 2195 114 2236 sua
135 2195 173 2236 se
201 2197 401 2250 recipiunt.
436 2196 597 2247 Pyrrhus
623 2195 818 2236 intellecto
847 2195 994 2234 bostem
1019 2194 1167 2242 adeffe,
1195 2193 1339 2244 equita-

47 2268 132 2298 tum
154 2271 312 2298 omnem
327 2289 338 2307 ‚
357 2258 454 2312 (tria
482 2258 598 2297 millia
622 2258 783 2312 erant,)
804 2267 944 2308 quanta
964 2259 1127 2297 maxima
1144 2256 1340 2296 celeritate

48 2320 196 2371 potest,
213 2321 262 2359 ad
284 2333 439 2359 amnem
465 2322 584 2371 rapit:
613 2319 786 2370 sperans,
804 2319 999 2359 Romanos
1025 2320 1123 2358 inter
1148 2318 1339 2358 transeun-

50 2382 144 2422 dum
158 2382 358 2422 ordinibus
371 2381 517 2431 solutis,
532 2385 567 2422 <Sc
580 2394 683 2421 caeco
698 2381 795 2422 vado
811 2393 901 2420 cum
914 2381 1115 2431 iniquitate
1132 2394 1238 2432 aqua¹
1255 2380 1337 2419 soli-

95 2503 116 2545 β
149 2502 191 2535 ll.
212 2502 336 2537 Zonar.
365 2504 455 2538 Plut.
483 2504 580 2549 5111.
606 2503 729 2537 Zonar.
755 2502 868 2536 Front.
894 2514 915 2544 4
933 2528 941 2543 ,
966 2512 997 2543 7.
1032 2501 1166 2535 Cotesr.
1204 2501 1334 2534 Yitcrb.

55 2545 146 2581 Otto
172 2546 307 2593 Frismg.
978 2595 1017 2637 H
1064 2610 1076 2626 ³
