1701 3008
205 195 760 248 HISTORIARUM
803 193 942 241 LIB'.
981 190 1138 240 XXI.
1251 201 1343 253 359

47 324 131 358 mo
154 307 395 364 assuetum,
432 315 659 352 recentem
691 302 749 349 ab
774 300 959 348 excidio
994 295 1343 361 opulentiffimae

48 381 193 433 urbis
210 382 386 426 Iberum
405 377 612 424 t1·:ans1re
627 375 805 422 trahere
824 373 974 421 secum
989 382 1060 417 tot
1072 369 1247 418 excitos
1262 367 1346 414 Hi-

50 453 295 516 spanorum
322 451 553 514 populos.
586 448 875 497 conciturum
907 445 1060 495 avidas
1087 443 1259 506 semper
1277 457 1346 487 ar

49 542 231 574 moium
256 524 452 572 Gallicas
478 535 648 587 gentes
679 539 781 569 cum
809 521 919 567 orbe
941 532 1158 566 terrarum
1177 515 1348 563 bellum

51 596 331 686 gerendu'm
322 613 368 643 m
389 595 537 654 Italia,
570 612 621 642 ac
647 611 732 658 pro
753 593 982 645 moenibus
1001 590 1220 639 Romanis
1248 587 1350 636 effe.

121 669 267 715 Xvfl.
302 668 564 715 Nominatae
587 665 676 726 jam
707 678 836 716 antea
866 663 1128 712 consulibus
1148 660 1347 724 provin-

55 740 138 788 ciae
170 751 328 795 erant3
362 752 460 801 tum
495 739 647 786 sortiri
682 737 796 799 juffi..
839 737 1061 788 Cornelio
1103 735 1350 798 Hispania,

54 813 329 875 Sempronio
359 811 511 859 Africa
541 829 644 859 cum
669 811 822 859 Sicilia
848 809 1017 858 evenit.
1051 811 1137 855 Sex
1168 809 1215 855 in
1245 824 1351 855 eum

57 905 227 936 annum
256 887 447 935 decretae
470 886 699 950 legiones,
730 888 779 935 &
798 885 974 933 socium
995 897 1215 948 quantum
1244 882 1349 946 ipsis

57 960 289 1010 videretur
306 996 320 1019 ,
351 962 402 1008 &
435 958 574 1007 claffis
594 970 758 1022 quanta
778 958 925 1021 parari
946 956 1102 1019 poffet.
1135 959 1352 1016 Quatuor

59 1036 108 1084 &
129 1033 293 1098 viginti
311 1032 520 1096 'peditum
542 1033 858 1090 Romanorum
878 1029 1019 1076 millia
1039 1028 1138 1076 sunt
1161 1027 1321 1090 scripta
1335 1063 1352 1085 ,

61 1109 111 1154 &
139 1106 261 1154 mille
287 1105 536 1169 offingenti
570 1104 767 1168 equites:
800 1102 1031 1150 sociorum
1055 1101 1354 1165 'quadraginta

61 1178 201 1229 millia
215 1178 439 1243 pediturn,
457 1189 654 1241 quatuor
670 1175 810 1224 millia
827 1177 876 1223 ὅ(
893 1173 1210 1239 quadringenti
1226 1171 1352 1237 equi-

62 1263 154 1300 tes:
184 1268 325 1298 naves
357 1249 564 1297 ducentae
586 1248 749 1313 viginti
776 1247 1121 1312 quinqueremes
1139 1283 1152 1306 ‚
1175 1246 1356 1296 celoces

63 1324 231 1389 viginti
251 1323 462 1371 dedu&ae.
501 1324 663 1368 Latum
694 1320 797 1367 inde
825 1321 880 1367 ad
907 1320 1157 1384 populum,
1185 1324 1354 1378 vellent,

60 1400 277 1460 juberent,
301 1401 461 1460 populo
498 1396 836 1462 Carthaginienst
860 1398 1010 1442 bellum
1043 1396 1194 1440 indici.
1226 1392 1356 1454 Ejus-

66 1487 154 1534 que
187 1469 293 1516 belli
323 1468 449 1516 causa
482 1468 755 1532 supplicatio
786 1466 865 1530 per
895 1468 1053 1514 urbem
1084 1467 1226 1516 habita
1246 1502 1260 1524 ,
1288 1477 1364 1517 at-z·

67 1560 157 1607 que
193 1542 368 1589 adorati
405 1540 520 1599 Dii,
565 1552 616 1591 ut
652 1540 766 1587 bene
801 1556 852 1586 ac
893 1538 1084 1585 feliciter
1121 1537 1358 1596 eveniret,

69 1620 196 1684 quod
213 1619 381 1667 bellum
407 1618 605 1700 populus
623 1617 858 1663 Romanus
879 1614 1072 1677 iufiiss‘et.
1102 1616 1221 1660 Inter
1243 1628 1360 1659 con-

71 1690 189 1738 sules
223 1692 285 1739 ita
317 1693 463 1755 copiae
499 1689 669 1739 divisae.
703 1688 976 1752 Sempronio
1016 1687 1127 1734 datae
1160 1686 1333 1748 legione
1314 1701 1361 1731 5

72 1764 199 1823 duae,
233 1763 314 1828 (ea
348 1777 564 1828 quaterna
599 1762 739 1809 millia
770 1775 896 1815 erant
929 1760 1158 1824 peditum,
1185 1760 1235 1806 ὅτ,
1268 1770 1362 1804 tren

73 1839 194 1888 centi
227 1838 435 1903 equites)
471 1840 521 1886 &
550 1836 778 1886 sociorum
812 1835 1034 1883 sexdecim
1069 1834 1208 1881 millia
1233 1833 1362 1897 pedi·-

75 1925 204 1970 tum,
239 1912 409 1976 equites
442 1911 564 1958 mille
596 1909 868 1974 offingenti:
903 1925 1042 1957 naves
1075 1908 1222 1971 longae
1255 1923 1363 1954 cen-

76 1998 173 2034 tum
204 1986 457 2050 sexaginta,
491 1986 668 2035 celoces
701 1984 957 2032 duodecim.
987 1984 1106 2030 Cum
1134 1983 1200 2029 his
1226 1994 1366 2028 terre-

76 2059 240 2107 stribus
264 2057 584 2121 maritimisque
617 2056 762 2119 copiis
792 2055 864 2103 Ti.
892 2053 1185 2117 Sempronius
1215 2053 1366 2100 missus

78 2132 126 2181 in
155 2132 377 2191 Siciliam,
412 2132 469 2177 ita
493 2131 539 2177 in
560 2128 758 2176 Africam
786 2126 1137 2185 transmissurus,
1165 2126 1195 2172 fi
1219 2122 1273 2172 ad
1292 2143 1367 2172 ar-

81 2207 271 2257 cendum
294 2207 416 2253 Italia
438 2208 629 2253 Poenum
660 2202 820 2250 consul
845 2202 953 2249 alter
976 2202 1075 2250 satis
1099 2202 1216 2248 effet.
1251 2203 1368 2248 Cor-

81 2279 204 2326 nelio
227 2280 376 2330 minus
400 2280 636 2343 copiarum
657 2278 806 2324 clatum
822 2313 835 2334 ‚
855 2275 957 2339 quia
976 2279 1025 2323 L.
1041 2276 1236 2323 Manlius
1257 2293 1371 2339 praeae,>

82 2361 157 2397 tor
186 2352 234 2398 &
260 2351 350 2413 ipse
372 2369 474 2399 cum
497 2350 616 2397 haud
638 2349 844 2396 invalido
866 2348 1074 2411 praesidio
1107 2347 1154 2394 in
1175 2348 1370 2395 Galliam

85 2423 354 2475 mittebatur.
388 2425 589 2470 Navium
610 2422 804 2468 maxime
821 2420 1042 2469 Cornelio
1065 2437 1275 2468 numerus
1297 2420 1372 2464 de-

87 2496 308 2547 minutus.
325 2496 550 2561 sexaginta
572 2496 918 2562 quinqueremes
937 2495 1048 2543 datae
1067 2493 1236 2558 (neque
1252 2492 1376 2546 enim

1020 2569 1054 2614 Z
1092 2584 1122 2626 4
