1701 3008
288 216 371 266 ΙΝ
417 219 593 266 Loc.
638 218 777 264 ΜΒ.
822 216 1149 264 X1XL1V.
1293 231 1382 280 303

91 335 165 378 pro
191 325 440 365 facultatibus
468 325 727 377 singularum:
755 325 933 374 fanaque
954 324 1174 375 provincia,
1194 336 1270 375 quo
1293 337 1388 376 prae-

93 397 156 427 tor
183 401 269 426 cum
293 388 457 438 imperio
484 400 614 426 annuo
640 388 763 427 Roma
787 387 1011 425 mitteretur.

150 451 293 491 LXIII.
326 451 495 490 Adfuere
520 450 666 488 interea
695 450 830 489 Romae
852 448 1061 488 Poenorum
1086 445 1227 499 legati,
1245 455 1388 498 peten-

95 522 153 553 tes
177 544 188 562 ‚
221 527 259 552 ut
284 515 353 565 ffb}
383 515 546 566 captivos
571 514 658 566 suos
686 513 844 550 redimere
877 510 1020 550 liceret:
1057 511 1274 562 redditique
1300 511 1387 550 sunt

94 574 436 617 Senatusconfulto
466 575 609 625 gratis,
637 581 830 624 quotquot
858 573 1028 611 custodia
1062 572 1220 622 publica
1254 573 1392 613 attine-

97 635 265 684 bantur3
294 637 359 686 qui
383 637 424 675 in
448 635 683 686 privatorum
710 646 826 672 manu
854 632 997 681 effent,
1015 646 1080 672 eos
1100 641 1201 672 certa
1225 635 1392 685 pecunia

97 700 237 737 redimi
262 698 436 749 placuit:
469 700 580 745 cujus
612 709 698 746 pars
720 698 843 745 major
873 695 972 745 juss'u
1004 697 1162 736 Senatus
1192 709 1239 735 ex
1260 698 1391 737 aerario

95 759 220 799 soluta
254 760 317 799 est.
359 762 406 799 At
425 760 589 799 Romani
617 757 753 809 populi
783 757 953 797 Iaetitiam
975 757 1085 797 valde
1111 758 1391 798 imminuerunt

96 834 230 872 graves
251 822 291 860 in
319 821 416 860 urbe
442 820 562 859 casus.
593 820 854 870 Jamprimum
881 819 1034 860 Tiberis
1060 821 1183 859 amnis
1206 820 1305 860 ultra
1334 821 1393 861 so-

95 884 210 924 litum
235 886 367 924 auctus
384 914 396 933 ,
416 883 492 922 late
512 883 777 935 stagnantibus
805 884 913 933 aquis
928 914 938 932 ‚
966 885 1098 922 omnia
1124 883 1304 924 inferiora
1324 886 1394 925 Ur-

96 946 156 987 bis
192 946 278 986 Ioca
316 947 489 998 replevit.
548 946 676 988 Multa
708 956 792 986 tum
827 946 990 986 aedificia
1032 947 1157 997 primo
1190 946 1393 987 allabentis

95 1010 247 1061 impetu
264 1011 448 1061 prostrata
465 1010 551 1049 sunt
569 1025 577 1050 ε
600 1013 636 1050 ἃ
652 1009 792 1060 quibus
815 1009 881 1049 ista
901 1009 1012 1060 pestis
1035 1017 1282 1060 pepercerat,
1305 1021 1394 1048 exe-

99 1073 144 1112 ᾖε
170 1072 301 1112 sensim
321 1074 587 1112 fundamentis
612 1078 711 1126 (per
726 1070 872 1111 multos
893 1072 999 1107 enim
1026 1071 1109 1108 dies
1132 1070 1260 1110 isthaec
1284 1070 1394 1109 inun-

98 1138 204 1176 datio
235 1137 390 1183 tenuit)
416 1137 621 1173 recedente
645 1138 722 1180 jam
752 1144 848 1181 aqua
876 1131 1012 1170 vitium
1039 1130 1177 1170 fecere.
1207 1133 1393 1183 Secutum

97 1199 151 1237 est
167 1198 268 1237 hanc
296 1197 557 1237 calamitatem
586 1194 739 1244 gravius
756 1205 804 1231 ex
826 1191 914 1242 igne
941 1191 1154 1237 damnum,
1183 1191 1248 1241 qui
1274 1193 1393 1230 noctu

96 1268 242 1299 temere
269 1270 398 1307 ortus,
418 1256 634 1308 multasque
653 1255 768 1300 urbis,
783 1256 957 1305 regiones
981 1263 1231 1306 pervagatUS,
1255 1256 1394 1295 domo-

97 1334 185 1360 rum
223 1321 507 1371 hominumque
537 1316 805 1358 incredibilem
844 1328 1048 1354 numerum
1087 1315 1235 1355 hausit:
1267 1328 1394 1365 neque

100 1383 257 1433 privatis
277 1382 450 1422 cladibus
473 1389 702 1426 contentus,
724 1379 854 1418 omnia
871 1378 911 1417 in
939 1377 1101 1416 circuitu
1128 1377 1201 1418 sori
1230 1377 1396 1417 devasta-

97 1445 162 1484 vit.
194 1446 252 1485 Ad
281 1454 500 1484 extremum
529 1442 610 1494 ipsa
637 1454 792 1493 quoque
816 1441 915 1479 aedes
935 1440 1054 1479 Vestae
1081 1441 1212 1479 ardere
1238 1441 1375 1492 coepit.

157 1508 296 1549 LXIV.
333 1509 437 1548 Tum
468 1520 558 1546 vero
584 1507 625 1546 L.
650 1503 828 1545 Caecilius
855 1503 1033 1543 Pontifex
1066 1503 1264 1544 Maximus
1293 1503 1395 1549 sacra

100 1570 236 1622 populi
268 1572 434 1611 Romani
465 1573 501 1610 &c
530 1581 667 1609 arcana
708 1566 859 1618 imperii
899 1567 1063 1617 pignora
1094 1566 1302 1617 periclitari
1333 1568 1396 1606 vi-

103 1633 223 1680 dens,
257 1632 416 1679 dignum
452 1631 541 1670 Ioco
573 1629 641 1670 suo
675 1629 846 1668 animum
883 1626 1001 1679 gessit.
1041 1628 1141 1667 Nam
1174 1628 1214 1666 in
1243 1629 1394 1668 medios

99 1696 208 1743 ignes
237 1695 430 1742 inliliens,
461 1693 568 1733 nulla
601 1692 660 1731 sui
691 1703 807 1739 cura,
834 1691 925 1729 dum
963 1690 1102 1729 divinae
1121 1703 1178 1729 res
1206 1690 1316 1730 salvae
1342 1691 1395 1730 es-

99 1755 207 1800 sent,
235 1755 380 1795 deserta
404 1769 426 1795 a
455 1753 666 1804 virginibus
703 1752 803 1791 sacra
831 1764 879 1791 ex
913 1751 1096 1791 incendio
1128 1752 1264 1802 rapuit.
1309 1751 1395 1803 Ipse

101 1817 258 1856 brachio
288 1816 589 1864 semiustulatus,
622 1818 657 1856 St
692 1814 819 1854 exusta
849 1814 1015 1853 flammis
1052 1811 1253 1851 oculorum
1284 1814 1393 1862 acie,

100 1890 237 1930 praeter
255 1878 432 1918 solatium
452 1879 541 1919 faeti
570 1879 649 1926 sui,
667 1879 865 1929 praemium
894 1890 914 1916 a
938 1875 1086 1927 populo
1109 1876 1286 1916 Romano
1310 1875 1394 1927 pul-

99 1940 333 1978 cherrimum
358 1940 509 1990 accepit
525 1971 536 1987 ,
566 1949 607 1979 ut
624 1939 773 1990 quoties
799 1939 838 1976 in
866 1938 1049 1978 Senatum
1073 1937 1167 1983 iret,
1194 1948 1306 1976 curru
1331 1950 1393 1976 ve-

100 2003 254 2042 heretur
290 2004 338 2043 ad
367 2003 510 2042 curiam
538 2017 546 2043 ε
585 2004 687 2053 quod
724 2002 771 2041 ab
802 2001 958 2040 condita
985 2000 1088 2041 Urbe
1115 1999 1301 2039 tributum
1330 2013 1393 2039 ne-

101 2067 194 2105 mini
224 2067 358 2105 fuerat.
397 2066 546 2106 Interea
578 2067 627 2117 Q.
658 2065 830 2106 Lutatius
861 2063 990 2103 consul
1024 2075 1111 2102 cum
1139 2064 1254 2102 fratre
1278 2063 1394 2103 Catu·-

99 2129 138 2169 lo
155 2161 165 2178 ,
194 2132 229 2170 ὁὶ
259 2132 308 2180 Q.
334 2130 485 2169 Valerio
514 2138 747 2181 propraetore
769 2161 779 2175 ‚
805 2129 916 2167 rebus
946 2128 984 2166 in
1011 2127 1139 2167 Sicilia
1165 2127 1391 2177 constitutis,

97 2193 347 2242 exercituque
375 2192 577 2242 deportato
596 2222 606 2239 ‚
637 2192 685 2230 ad
715 2191 854 2231 Urbem
881 2190 1070 2229 redierant
1096 2201 1104 2228 :
1141 2188 1391 2239 decretosque

100 2254 167 2293 iibi
191 2254 409 2304 triumphos
439 2253 591 2293 navales
630 2254 673 2293 C.
703 2253 880 2292 Lutatius
908 2251 1068 2292 Catulus
1101 2265 1133 2290 a.
1169 2251 1206 2290 d.
1235 2250 1286 2291 IV
1313 2251 1394 2290 No-

98 2327 167 2353 nas
212 2313 434 2363 Octobres,
479 2315 530 2365 Q.
561 2312 732 2352 Valerius
769 2325 801 2351 a.
836 2313 876 2353 d.
911 2311 1008 2351 Prid.
1042 2309 1195 2350 easdem
1232 2311 1391 2362 Nonas,

147 2441 167 2465 ’ἶ
197 2440 297 2472 LYH.
329 2440 448 2484 Polyb.
473 2441 620 2484 Appian.
651 2451 704 2483 ap.
730 2438 805 2471 Urs.
828 2437 909 2470 Fasti
937 2438 1086 2482 Capitol.
1123 2438 1144 2479 Ε
1174 2435 1292 2470 LXIII.
1313 2432 1381 2464 Eu·

106 2498 193 2528 irup.
227 2486 249 2518 1.
282 2496 313 2519 2.
349 2485 450 2519 Oros.
486 2497 530 2527 4,
558 2496 611 2519 10.
642 2485 730 2530 Aug.
765 2484 805 2518 de
838 2483 916 2518 Civ.
950 2483 1014 2518 Dei
1047 2493 1087 2526 3,
1122 2482 1173 2516 18.
1197 2482 1272 2518 Val.
1294 2477 1385 2512 Vht-
1444 2526 1450 2529 ι

98 2541 139 2571 Α»,
163 2541 198 2572 4.
