1701 3008
314 190 375 251 48
520 195 524 201 ·
667 188 1224 236 T1T1L1V11

313 298 485 356 adhuc,
516 314 598 345 nec
625 298 671 343 in
700 296 879 342 Etruria
907 312 997 359 pax
1035 308 1142 343 erat.
1177 313 1280 343 nam
1314 297 1396 355 Sc„
1421 296 1596 344 Perusi-

313 371 385 419 nis
414 369 666 418 auitoribus
685 404 699 426 ‚
728 369 830 430 post
849 368 1084 416 dedufihtm
1118 368 1174 415 ab
1206 369 1389 416 consule
1418 370 1596 417 exerci-

312 455 410 491 tum
438 442 698 489 rebellatum
731 439 905 487 fuerat:
941 442 991 488 δέ
1018 441 1235 489 Samnites
1264 443 1508 505 praedatum
1546 444 1595 489 in

310 534 461 578 agrum
486 514 727 561 Vescinum
754 514 1164 577 Formianumque,
1198 517 1406 577 &parte
1436 517 1521 562 alia
1546 516 1595 562 in

307 586 622 644 AEleininum,
656 604 756 650 quae
786 582 1038 634 Vulturno
1048 587 1252 649 adjacent
1282 590 1491 647 flumini,
1516 590 1594 635 de-

309 656 532 702 {cendere.
572 656 795 701 Adversus
817 672 895 701 eos
927 661 1012 715 Ap.
1045 657 1263 707 Claudius
1291 675 1459 720 praetor
1491 678 1594 706 cum

309 726 510 773 exercitu
539 726 749 772 Deciano
773 727 935 774 missus.
967 728 1126 775 Fabius
1161 729 1208 775 in
1243 730 1419 775 Etruria
1452 733 1594 775 rebel-

309 798 428 845 lante
462 799 613 845 denuo
648 810 846 859 quatuor
885 789 1024 846 millia
1062 802 1111 848 δε
1148 802 1420 865 quingentos
1454 804 1592 848 Peru·

309 872 508 918 sinotum
539 870 734 917 occidit:
767 872 885 934 cepit
920 874 974 919 ad
1006 875 1127 921 mille
1159 876 1461 939 septingentos
1481 891 1594 936 qua-

310 943 509 1007 draginta
531 962 541 989 :
580 943 656 1006 qui
697 943 883 991 redemti
926 946 1089 1008 singuli
1133 950 1229 993 aeris
1263 947 1474 995 trecentis
1516 947 1596 992 de·-

311 1029 424 1058 cem.
459 1016 606 1075 praeda
632 1016 717 1058 alia
746 1017 894 1059 omnis
925 1013 1143 1060 militibus
1169 1016 1387 1063 conce‘ffa.
1424 1017 1591 1064 Samni·
1639 1057 1647 1060 i

310 1086 424 1134 tium
460 1086 660 1149 legiones
681 1123 694 1144 ‚
727 1104 830 1134 cum
857 1088 1016 1150 partim
1048 1092 1132 1152 Ap.
1155 1090 1368 1136 Claudius
1394 1105 1592 1151 praetor,

309 1160 472 1223 partim
504 1162 553 1205 L.
584 1160 862 1206 Volumnius
889 1178 974 1223 pro
1010 1162 1193 1209 consule
1228 1163 1512 1226 sequeretur,
1541 1162 1592 1207 ‘111

309 1250 462 1296 agrum
480 1233 704 1279 Stellatem
722 1250 1054 1283 convenerunt.
1088 1236 1150 1282 ibi
1177 1238 1226 1284 δὲ
1243 1236 1506 1285 Samnitium
1525 1235 1592 1281 le-

307 1308 466 1371 giones
486 1325 644 1354 omnes
676 1308 940 1367 confidunt,
973 1311 1022 1356 &
1042 1309 1212 1371 Appius
1231 1307 1592 1371 Volumniusque

312 1380 449 1428 castra
479 1380 775 1444 conjungunt.
805 1382 1053 1445 Pugnatum
1083 1380 1367 1427 infestissimis
1393 1380 1592 1438 summis,

309 1453 417 1500 hinc
442 1454 505 1500 ira
536 1454 788 1500 stimulante
819 1453 1028 1501 adversus
1059 1453 1322 1500 rebellantes
1344 1454 1508 1512 toties,
1540 1454 1594 1499 il-

308 1527 401 1574 linc
420 1529 474 1574 ab
494 1528 649 1574 ultima
667 1526 754 1588 jam
770 1527 1084 1574 dimicantibus
1104 1527 1191 1591 spe.
1211 1527 1332 1576 Caesa
1351 1546 1457 1592 ergo
1472 1531 1593 1575 Sam·

311 1600 474 1646 nitium
505 1600 728 1647 sexdecim
748 1600 889 1646 millia
920 1600 1138 1659 trecenti,
1177 1613 1305 1662 capta
1335 1603 1425 1647 duo
1452 1601 1594 1648 millia

312 1671 592 1735 septingenti.
619 1690 674 1719 ex
696 1674 908 1720 Romano
930 1675 1127 1740 exercitu
1149 1674 1348 1721 cecidere
1368 1675 1458 1721 duo
1493 1675 1594 1721 mil-

311 1746 369 1792 lia
389 1747 664 1812 septingenti.
690 1748 813 1795 Felix
834 1765 974 1795 annus
995 1749 1164 1796 bellicis
1193 1750 1326 1796 rebus
1340 1750 1590 1812 „pestilen-

312 1820 374 1866 tia
402 1824 546 1883 gravis
565 1860 579 1881 ,
606 1823 910 1887 prodigiisque
938 1823 1167 1871 sollicitus.
1201 1841 1331 1883 nam,
1351 1826 1400 1872 &
1428 1836 1592 1870 terram

313 1894 597 1942 multifariam
618 1896 798 1958 pluisse,
827 1898 877 1943 &
903 1896 951 1942 in
971 1897 1173 1943 exercitu
1196 1899 1280 1960 Ap.
1298 1896 1477 1943 Claudii
1500 1896 1592 1958 ple-

313 1966 475 2028 rosque
510 1968 774 2016 fulminibus
806 1969 952 2026 iilos,
986 1969 1242 2016 nuntiatum
1277 1968 1366 2015 est:
1399 1967 1592 2030 librique

315 2038 379 2083 ob
411 2039 505 2086 haec
534 2041 654 2087 aditi.
689 2045 758 2088 Eo
786 2058 908 2088 anno
926 2042 987 2101 Q.
1009 2042 1164 2088 Fabius
1192 2045 1395 2106 Gurges,
1425 2040 1592 2088 consu-

315 2109 370 2155 lis
388 2110 503 2158 filius
517 2149 530 2170 ,
548 2114 722 2176 aliquot
738 2126 965 2161 matronas
986 2115 1041 2161 ad
1063 2115 1285 2177 populum
1312 2113 1449 2176 stupri
1471 2113 1592 2158 dam·

316 2196 438 2229 natas
458 2187 645 2246 pecunia
663 2187 888 2234 multavit.
922 2204 977 2232 ex
998 2203 1091 2250 quo
1112 2186 1363 2232 multaticio
1389 2202 1475 2231 aere
1497 2188 1591 2230 Ve—

314 2255 432 2301 neris
461 2258 595 2303 aedem
610 2294 622 2316 ,
647 2275 746 2321 quae
767 2274 909 2322 prope
928 2258 1115 2305 Circum
1135 2256 1195 2302 est
1210 2292 1223 2314 ,
1242 2255 1487 2302 faciendam
1509 2272 1590 2301 cu-

314 2328 446 2375 ravit.
495 2330 732 2391 Supersunt
751 2333 882 2378 etiam
903 2348 1025 2378 nunc
1043 2329 1304 2377 Samnitium
1323 2328 1439 2375 bella
1455 2365 1468 2386 ,
1490 2345 1590 2391 quae

313 2400 529 2449 continua
547 2418 625 2463 per
644 2414 847 2463 quartum
866 2403 954 2465 jam
972 2403 1206 2459 volumen,
1226 2417 1483 2465 annumque
1505 2400 1590 2448 sex-

313 2484 411 2520 tum
439 2474 489 2521 &
510 2474 888 2538 quadragesimum
907 2514 923 2538 ,
952 2495 977 2525 a
1002 2479 1066 2524 M.
1087 2476 1270 2523 Valerio
1287 2511 1302 2536 ,
1335 2481 1390 2524 A.
1411 2478 1586 2523 Corne*
