1701 3008
193 208 774 259 HISTORIARUM
809 207 943 254 LIB.
976 207 1124 254 XXI.
1230 222 1316 270 373

36 317 261 365 derentur.
297 316 434 364 altera
459 315 566 362 ratis
581 352 595 376 ‚
624 332 751 378 aeque
771 314 884 375 lata,
904 313 1042 380 longa
1066 314 1200 379 pedes
1218 332 1323 363 cen-

37 402 158 449 tum,
192 391 248 437 ad
282 389 595 452 trajiciendum
627 388 798 436 flumen
824 400 955 450 apta,
977 387 1083 435 huic
1112 388 1324 452 copulata

36 463 124 511 est:
160 464 212 512 &
244 480 348 511 cum
380 461 642 525 elephanti,
682 479 762 523 per
790 461 990 510 stabilem
1026 476 1195 520 ratem,
1228 475 1327 508 tan-

36 553 172 601 quam
201 537 322 585 viam
339 573 353 595 ‚
374 535 774 600 praegredientibus
794 534 997 593 feminis,
1022 535 1107 581 affl
1124 571 1139 593 ‚
1169 534 1218 581 in
1237 534 1325 580 mi-

36 627 196 658 norem
231 611 495 675 applicatam
527 610 773 674 transgressi
794 609 922 664 sunt;
950 608 1182 672 extemplo
1203 607 1324 655 reso-

36 684 165 743 lutis,
180 685 344 747 quibus
357 685 519 734 leviter
536 702 712 733 annexa
732 696 848 741 erat,
865 684 1064 732 vinculis
1078 720 1092 742 ,
1111 684 1166 731 ab
1181 683 1325 730 astua-

36 757 115 804 riis
139 757 317 822 aliquot
349 757 545 804 navibus
572 756 629 803 ad
656 757 841 803 alteram
868 754 1008 818 ripam
1028 754 1326 818 pertrahiturt

36 829 98 877 ita
123 830 279 893 primis
312 829 529 893 expositis
548 864 562 888 ‚
592 829 669 877 alii
690 828 852 877 deinde
877 829 1056 893 repetiti
1079 846 1131 876 ac
1157 826 1327 891 trajecti

37 903 155 950 sunt.
181 903 309 950 Nihil
335 902 438 950 sane
465 901 774 967 trepidabant,
795 901 944 948 donec
969 900 1225 949 continenti
1245 917 1329 948 ve-

38 976 106 1021 lut
126 988 269 1039 ponte
289 986 540 1040 agerentur.
567 974 738 1038 primus
771 990 866 1022 erat
885 989 1063 1038 pavor,
1090 991 1222 1033 cum,
1250 972 1328 1020 so-

36 1048 131 1097 luta
155 1048 211 1096 ab
235 1048 394 1095 ceteris
421 1060 516 1095 rate
532 1083 546 1105 ‚
572 1047 619 1093 in
645 1047 784 1095 altum
812 1057 1093 1110 raperentur.
1123 1045 1188 1093 ibi
1208 1081 1224 1106 ,
1249 1063 1329 1094 ur·-

40 1132 195 1186 gentes
220 1120 336 1168 inter
356 1120 428 1180 se,
460 1119 724 1168 cedentibus
743 1118 953 1167 extremis
972 1119 1028 1166 ab
1059 1135 1200 1182 aqua,
1239 1131 1327 1166 tre-

37 1193 281 1257 pidationis
299 1193 581 1258 aliquantum
609 1193 828 1249 edebant;
852 1193 999 1240 donec
1016 1192 1215 1257 quietem
1235 1191 1327 1255 ipse

38 1267 180 1315 timor
215 1266 686 1331 circumspeEtantibus
717 1283 877 1331 aquam
912 1265 1094 1314 seciffet.
1122 1266 1329 1315 excidere

38 1342 174 1389 etiam
205 1340 438 1389 saevientes
467 1341 648 1405 quidam
677 1340 726 1387 in
753 1340 948 1388 flumen:
986 1339 1092 1398 sed,
1126 1340 1327 1402 pondere

39 1416 139 1479 ipso
174 1416 379 1474 stabiles,
405 1414 585 1478 dejectis
605 1413 887 1472 rectoribus,
915 1413 1166 1479 quaerendis
1192 1414 1330 1477 pede-

39 1491 200 1538 tentim
218 1490 347 1538 vadis
364 1525 377 1549 ,
396 1489 444 1536 in
464 1501 629 1536 terram
650 1487 846 1537 evasere.
895 1511 941 1548 χ,

105 1566 281 1612 ΧΧΙΧ.
297 1566 423 1613 Dum
437 1562 666 1626 elephanti
681 1562 971 1624 trajiciuntur
981 1600 996 1621 ,
1013 1563 1192 1610 interim
1206 1564 1329 1609 Han-

40 1637 161 1685 nibal
181 1638 398 1685 Numidas
426 1636 599 1699 equites
625 1636 904 1701 quingentos
927 1637 983 1684 ad
1005 1636 1141 1685 castra
1162 1639 1329 1683 Roma·

40 1728 96 1759 na
124 1710 300 1758 miserat
328 1710 605 1773 speculatum
625 1745 639 1767 ,
669 1709 747 1756 ubi
764 1745 780 1769 ,
813 1711 864 1757 &
888 1722 1066 1774 quantae
1096 1708 1242 1772 copiae
1265 1707 1328 1755 es-

39 1785 170 1841 sent,
203 1786 256 1832 &
290 1784 400 1847 quid
431 1795 649 1846 pararent.
688 1783 806 1830 Huic
838 1782 920 1830 alae
953 1783 1154 1847 equitum
1183 1783 1294 1829 miffi
1313 1819 1327 1842 ,

41 1872 93 1907 ut
123 1872 224 1907 ante
257 1859 423 1907 dmum
449 1857 539 1918 est,
571 1858 628 1905 ab
648 1858 766 1905 ostio
786 1858 1000 1905 Rhodani
1020 1859 1208 1906 trecenti
1232 1859 1328 1904 Ro·

43 1950 284 1982 manorum
320 1932 492 1996 equites
529 1944 794 1980 occurrunt.
843 1933 1057 1996 proelium
1094 1932 1291 1979 atrocius
1314 1966 1328 1989 ,

42 2023 181 2069 quam
202 2022 286 2069 pro
306 2022 495 2053 numero
524 2005 817 2070 pugnantium
835 2041 848 2063 ‚
878 2006 1040 2052 editur.
1075 2007 1188 2053 Nam
1218 2023 1328 2068 prae-

42 2092 112 2126 ter
138 2079 276 2126 multa
305 2080 523 2138 vulnera,
559 2078 701 2126 caedes
734 2078 868 2126 etiam
900 2095 1044 2142 prope
1077 2096 1157 2141 par
1186 2079 1330 2125 utrin-

42 2168 132 2215 que
152 2151 267 2199 fuit:
298 2150 489 2216 fugaque
511 2151 561 2198 &
588 2167 734 2213 pavor
760 2150 1057 2197 Numidarum
1082 2150 1330 2207 Romanis,

42 2220 133 2284 jam
155 2223 400 2270 admodum
428 2222 571 2280 festis,
604 2220 842 2269 victoriam
875 2221 1010 2269 dedit.
1049 2222 1244 2269 vinores
1275 2223 1331 2268 ad

44 2311 228 2343 centum
264 2295 491 2361 sexaginta
511 2331 524 2354 ,
554 2311 640 2341 nec
673 2310 832 2341 omnes
863 2294 1089 2352 Romani,
1122 2293 1197 2342 sed
1231 2310 1331 2358 pars

43 2370 310 2419 Gallorum:
344 2370 452 2418 viai
481 2369 669 2433 amplius
703 2369 886 2417 ducenti
914 2369 1189 2419 ceciderunt.
1226 2362 1330 2414 Hoc

43 2442 320 2507 principium
339 2443 466 2491 fimul
494 2458 719 2507 omenque
741 2442 875 2503 belli,
902 2454 953 2491 ut
981 2442 1159 2490 summae
1179 2456 1329 2487 rerum

45 2516 309 2580 prosperum
331 2526 543 2566 eventum
557 2550 574 2573 ‚
603 2515 662 2563 ita
682 2515 799 2563 haud
827 2515 927 2564 sane
946 2515 1225 2562 incruentam
1248 2528 1325 2557 axa-2

932 2594 968 2637 A
986 2607 1011 2637 a
1042 2606 1069 2657 3
