1701 3008
263 196 341 245 IN
386 196 556 244 LOC.
593 195 727 243 LIB.
768 194 981 243 XVIII
1031 196 1174 244 LIV.
1298 212 1389 261 237

113 303 275 344 nauticae
288 305 354 351 rei,
369 303 549 344 Romanis
565 303 701 342 robore
714 302 897 348 militum,
909 301 1022 353 longe
1037 301 1303 353 superioribus.
1318 304 1391 344 Ita·

115 380 191 418 que
209 367 394 417 quamdiu
411 366 565 405 navium
585 366 712 415 potius
733 377 845 415 quam
867 364 1068 402 hominum
1087 378 1212 415 pugna
1229 366 1301 404 esse
1321 380 1389 417 po-

114 430 214 477 tuit,
236 429 375 469 Punica
394 441 450 467 res
476 427 580 466 haud
602 426 718 466 dubie
741 425 889 467 meliori
910 425 997 465 Ioco
1020 434 1126 465 erat:
1153 425 1217 465 sed
1240 429 1389 477 quoties

118 503 320 530 corvorum
342 492 446 540 jac'tu
479 488 666 540 colligatis
690 487 848 526 navibus
870 488 1045 526 cominus
1066 488 1223 538 pugnari
1259 500 1389 539 coepea

116 560 200 599 rat,
226 564 342 602 penes
367 550 586 590 Romanum
613 557 692 587 erat
716 556 818 587 certa
840 548 1020 597 victoria3
1053 561 1141 587 cum
1175 548 1282 588 miles
1312 564 1390 589 ina-

116 626 171 652 nu
197 613 342 660 fidens,
367 614 402 652 δε
428 613 467 650 in
490 610 690 661 conspeetu
714 609 913 649 consulum
940 623 1130 661 pugnans,
1159 612 1390 663 inlignitiore

117 686 235 725 opera
262 673 442 713 virtutem
468 671 574 710 suam
599 670 657 710 his
682 671 893 721 approbare
915 672 1172 712 contenderet.

171 736 254 775 VII.
284 735 387 774 Dum
412 734 452 772 in
469 746 511 771 ea
537 742 644 783 parte
667 731 716 770 fic
741 732 966 781 dimicatur,
985 733 1123 779 Hanno
1145 745 1233 771 cum
1256 733 1391 773 dextro

117 808 265 843 cornu,
294 794 398 845 quod
423 793 605 832 haetenus
632 793 837 832 immotum
871 791 1078 841 habuerat,
1107 795 1145 833 in
1175 794 1391 834 triariorum

118 870 235 897 naves
262 858 434 896 invec‘tus
456 869 477 895 a
495 855 592 894 mari
611 854 705 894 fecit
730 854 939 905 impetum,
966 855 1194 905 magnasque
1218 857 1256 894 in
1278 869 1394 907 ansqu-

121 920 258 970 gustias
284 919 447 959 redactis
469 917 670 957 molestum
696 918 854 956 omnino
885 919 1082 968 negotium
1106 918 1291 958 exhibuit.
1321 919 1393 959 Eo-

121 983 210 1022 dem
234 982 352 1020 ferme
375 990 548 1030 tempore
567 979 705 1018 sinistra
723 992 874 1030 quoque
890 979 1251 1030 Carthaginienfium
1270 980 1388 1032 acies,

120 1052 268 1084 mutata
297 1043 423 1093 priore
450 1041 599 1089 forma,
623 1043 659 1080 ὃς
683 1050 828 1092 aequata
851 1041 977 1080 fronte
1003 1042 1124 1081 rostri-„-
1153 1041 1293 1081 infestis
1322 1053 1395 1080 ter-

121 1107 217 1144 tiam
253 1105 517 1145 Romanorum
547 1102 722 1151 classem,
748 1116 830 1153 quae
864 1102 1091 1154 hippagines
1117 1104 1287 1143 remulco
1317 1112 1396 1143 tra-

120 1165 262 1213 hebat,
289 1165 449 1204 invadit.
486 1164 649 1204 Romani
671 1163 826 1203 dimiffis
850 1164 1006 1202 funibus
1027 1165 1073 1203 ad
1101 1165 1342 1204 resistendum
1359 1165 1396 1203 se

122 1237 282 1280 parant:
319 1227 382 1266 hic
412 1240 563 1278 quoque
597 1227 745 1265 fortiter
780 1227 1097 1276 confligitur.r⁴:ita
1126 1228 1244 1268 tribus
1272 1228 1395 1277 Iocis,

121 1291 288 1330 totidem
313 1289 460 1328 navalia
477 1288 633 1339 proelia,
657 1302 796 1340 magno
821 1288 1024 1329 intervallo·
1047 1290 1163 1329 divisa
1179 1290 1393 1331 nascuntur.

124 1352 224 1391 Cum
252 1353 302 1390 ita
332 1351 420 1390 satis
452 1351 517 1389 diu
547 1350 662 1389 dubia
694 1351 849 1390 victoria
881 1359 1066 1390 certatum
1101 1351 1214 1400 estet,
1239 1353 1397 1391 tandem

124 1414 276 1459 evenit,
301 1414 403 1463 quod
431 1412 623 1451 necessum
651 1412 809 1461 est,ubi
830 1412 938 1452 simul
962 1412 1133 1464 pluribus
1154 1413 1247 1453 locis
1263 1414 1398 1465 aequali

124 1475 261 1514 virium
285 1474 423 1513 robore
445 1483 633 1524 pugnatur
648 1504 659 1522 ,
687 1482 726 1511 ut
744 1487 825 1524 quae
846 1487 931 1525 pars
955 1475 1075 1524 prima
1103 1475 1208 1525 pulsa
1226 1475 1320 1523 fuit,
1343 1484 1402 1514 to-

125 1530 204 1576 tius
229 1535 446 1575 certaminis
472 1535 670 1574 victoriam
695 1536 812 1575 daret.
852 1536 950 1574 Cum
975 1537 1080 1574 enim
1106 1535 1300 1576 Hamilcar
1323 1538 1399 1574 vim

126 1597 290 1639 hostium
319 1596 473 1635 ulterius
495 1596 590 1634 ferre
608 1610 685 1635 non
709 1597 850 1647 poffet,
866 1597 978 1647 ipfius
1002 1597 1094 1648 fuga
1120 1606 1260 1638 ceteras
1285 1600 1400 1637 etiam

125 1660 276 1700 Punica.»
297 1660 416 1699 classis
443 1666 565 1710 partes
593 1660 714 1699 statim
740 1661 965 1712 profligavit.

181 1722 289 1762 VIII.
318 1723 417 1762 Nam
443 1735 489 1761 ex
512 1721 727 1762 consulibus
753 1724 792 1764 L.
819 1723 968 1764 Manlio
997 1724 1036 1762 in
1060 1724 1218 1774 captivis
1242 1725 1400 1765 navibus

128 1785 421 1835 conquirendis,
449 1787 484 1824 &
510 1786 556 1824 ad
585 1784 665 1825 suas
695 1785 896 1835 alligandis
926 1798 1138 1836 occupato,
1161 1787 1217 1826 M.
1235 1787 1402 1838 Regulus

129 1847 373 1888 commissum
388 1847 476 1887 alibi
497 1857 688 1887 certamen
702 1849 834 1888 videns
850 1848 1032 1888 auxilium
1054 1847 1127 1888 suis
1142 1849 1238 1888 ferre
1255 1850 1400 1890 festina-

128 1911 198 1959 vit,
215 1910 382 1949 assumtis
398 1910 571 1950 secundae
588 1910 706 1950 claffis
722 1911 878 1950 navibus
893 1941 903 1957 ‚
921 1919 1114 1960 quotquot
1128 1923 1173 1950 ex
1193 1909 1317 1962 priore
1333 1926 1404 1962 pu-

131 1986 205 2023 gna
228 1973 378 2021 integrae
403 1971 604 2022 illaesaeque
626 1971 829 2011 evaserant.
861 1971 1040 2011 Celeriter
1061 1985 1174 2023 opem
1201 1972 1306 2012 istam
1324 1973 1404 2012 sen-

129 2034 209 2074 sere
235 2033 375 2079 triarii,
405 2031 639 2082 receptisque
666 2034 819 2079 animis,
847 2045 940 2082 quos
967 2045 1086 2083 prope
1113 2034 1161 2072 ad
1187 2043 1403 2074 extremum

132 2094 342 2146 periculum
369 2093 524 2132 adducti
551 2092 852 2142 desponderant,
869 2092 1014 2130 strenue
1031 2092 1212 2130 (liznicare
1236 2105 1322 2131 cum
1341 2094 1406 2132 ad-

131 2156 301 2197 versariis
328 2162 537 2205 coeperunt.
566 2154 703 2194 Hanno
725 2166 812 2192 cum
836 2156 870 2193 δε
894 2153 963 2192 hos
988 2154 1106 2192 acrius
1130 2154 1288 2193 resistere
1314 2155 1406 2207 fibi,

135 2223 172 2261 ὁὶ
204 2233 223 2258 a
256 2229 360 2269 tergo
386 2217 423 2256 se
455 2219 576 2268 premi
602 2218 750 2256 videret
782 2231 803 2257 a
834 2216 1070 2265 recentibus,
1097 2217 1189 2255 velis
1222 2218 1259 2256 in
1286 2217 1408 2258 altum

135 2282 235 2320 datis
258 2281 458 2319 imminens
481 2280 641 2319 exitium
668 2279 870 2330 praevenire
891 2278 1042 2318 studuit.
1081 2278 1178 2318 Cum
1203 2279 1300 2317 inter
1324 2278 1403 2318 haee

133 2342 177 2382 L.
196 2342 359 2382 Manlius
383 2354 558 2393 quoque,
575 2341 724 2380 tertiam
748 2340 1008 2380 Romanorum
1033 2339 1182 2379 classem
1207 2353 1228 2379 a
1253 2339 1406 2379 Cartha-

136 2405 361 2458 giniensium
385 2406 522 2445 sinistro
542 2417 660 2445 cornu
680 2404 728 2445 ad
743 2414 880 2449 terram
899 2406 1023 2458 urgeri
1044 2402 1305 2456 conspicatus,
1322 2416 1406 2442 cur-

179 2520 203 2565 s
227 2519 301 2555 vll.
322 2519 444 2554 Zonat.
470 2519 588 2566 Polyb.
