1701 3008
274 205 366 265 ,348
433 203 525 251 JO.
559 196 1084 247 FREINSHEMII
1124 192 1496 244 SUPPLEM

271 322 450 363 tempora
480 321 571 348 cum
596 305 766 345 exercitu
788 303 1037 355 Agrigentum
1063 301 1259 353 profectus
1276 332 1287 351 .,
1314 303 1354 341 in
1381 303 1463 353 ipso
1488 302 1561 342 ad-s

274 375 354 415 huc
377 374 510 414 itinere
537 367 827 410 occurrentibus
858 367 1027 414 nuntiis,
1056 367 1224 415 eJecftum
1250 377 1298 406 ex
1324 365 1417 404 urbe
1440 364 1563 416 praesr-

273 440 384 480 dium
412 435 601 477 Punicum
635 439 861 483 acceperat,
889 433 926 472 δε
960 431 1230 481 Agrigentinos
1253 430 1318 481 ipsi
1351 430 1388 469 se
1418 429 1560 479 suaque

273 500 405 542 omnia
433 499 574 538 ded-ere
601 504 752 548 paratos
790 493 875 534 effe.
919 494 1056 544 Neque
1088 493 1277 544 promiffis
1300 494 1425 533 abfuit
1448 494 1560 534 fides.

273 561 454 612 Venjenti
475 560 710 607 Solistratus‚
726 558 791 608 qui
814 559 849 597 &
865 555 1065 607 Syracufas
1082 556 1293 595 tradiderat
1306 587 1317 605 ‚
1336 559 1372 596 δε
1398 556 1559 605 urbem,

277 629 314 668 ἃ
345 624 505 677 egregiae
544 621 754 672 juventutis
793 621 881 659 offro
921 619 1101 669 peditum
1141 617 1286 666 millia,
1315 618 1560 667 offingentos

274 689 426 740 equites
451 685 653 736 adjungit,
670 684 803 734 copias
826 680 1030 731 Epiroticis
1046 687 1060 726 ‚¹
1078 690 1170 729 quas
1200 678 1362 730 Pyrrhus
1390 678 1562 718 adduxe-

274 759 356 800 rat,
384 747 507 789 nihilo
544 747 761 788 deteriores.
808 743 966 794 Oppida
997 751 1179 793 praeterea
1207 741 1384 792 triginta,
1422 739 1563 790 quibus

275 812 491 865 imperabat
509 810 723 852 Sossstratus
736 838 747 855 ‚
769 807 910 846 eodem
931 802 1085 845 auctore·
1109 804 1146 843 se
1166 804 1282 855 Regis
1298 803 1456 843 arbitrio
1481 815 1564 853 perd

275 876 475 917 miserunt.
510 873 583 913 His
610 872 661 910 ita
685 870 795 925 gestis
824 867 922 909 misit
947 866 1172 919 Syracusas,
1196 866 1260 916 qui
1284 865 1448 905 telorum
1475 878 1567 909 om·-

275 940 336 980 nis
364 938 510 990 generis
546 935 700 986 copiam
720 965 731 981 ‚
764 935 800 973 δε
833 931 1058 978 machinas,
1082 943 1242 980 quarum
1279 929 1318 967 in
1351 927 1567 967 obsidioni-

279 1003 351 1043 bus
383 1001 536 1040 urbium
565 997 653 1039 usus
680 996 752 1036 effe
773 995 918 1046 posset,
942 992 1207 1032 subveherent.
1255 992 1356 1032 Nam
1378 988 1426 1029 ad
1456 988 1566 1028 urbes

277 1066 416 1107 Punici
442 1064 533 1114 juris
572 1060 851 1112 oppugnandas
885 1057 1057 1097 animum
1085 1057 1302 1105 adjecerat,
1331 1062 1461 1104 parato
1488 1054 1569 1101 jam

273 1129 448 1169 exercitu
471 1126 624 1177 triginta
652 1121 842 1168 millium,
858 1128 991 1171 praeter
1021 1121 1167 1170 equites
1194 1116 1300 1157 mille
1324 1117 1567 1168 quingent08‚

279 1193 341 1239 ἃ,
364 1202 459 1241 quos
487 1189 527 1227 in
550 1184 720 1228 Siciliam
747 1186 973 1232 trajecerat,
1001 1182 1240 1233 elephantos,

335 1253 388 1294 X.
421 1253 545 1292 Prima
562 1264 608 1289 ex
628 1248 687 1287 his
710 1247 751 1285 in
778 1245 1003 1297 potestatem
1026 1244 1132 1282 venit
1154 1240 1362 1290 Heraclea,
1387 1240 1454 1279 ubi
1481 1240 1570 1280 Car-

279 1314 578 1366 thaginienfium
603 1310 816 1363 praefidium
841 1308 991 1347 fuerat:
1021 1306 1160 1345 exhinc
1186 1307 1335 1346 Azonas
1358 1304 1471 1354 cepit.
1502 1296 1571 1341 sta-

281 1378 446 1427 stimque
476 1373 595 1414 secuti
631 1372 826 1411 fortunam
860 1367 1067 1407 Selinuntii
1099 1367 1291 1417 primum,
1325 1378 1416 1404 mox
1454 1361 1573 1403 Hali-

284 1440 381 1489 cyaei
402 1439 439 1478 &
457 1433 650 1486 AEgestani
665 1464 676 1481 ‚
698 1430 914 1471 deficiendo
941 1442 963 1467 a
988 1426 1356 1479 Carthaginienlium
1377 1423 1570 1470 amicitia,

286 1499 556 1551 compluribus
580 1497 696 1536 etiam
723 1493 806 1533 aliis
831 1494 870 1531 in
895 1506 940 1531 eo
962 1493 1086 1531 trastu
1116 1483 1272 1541 oppidis
1301 1488 1404 1527 idem
1429 1485 1572 1525 auden-

283 1563 327 1602 di
352 1560 576 1612 exemplum
600 1558 860 1610 praebuerunt.
898 1555 1080 1606 E‘rycinos
1100 1562 1252 1601 autem,
1281 1554 1316 1592 δι
1342 1549 1572 1591 auxiliorum

285 1624 490 1666 numerosa
518 1635 634 1663 manu
652 1653 662 1669 ‚
694 1623 729 1660 Sc
760 1618 1036 1658 munitionibus
1066 1618 1142 1659 loci
1168 1616 1348 1666 fidentes,
1365 1615 1513 1654 summa
1535 1612 1574 1651 vi

287 1699 511 1739 expugnare
533 1684 673 1724 statuit.
712 1682 897 1737 Instructo
922 1683 1037 1733 igitur
1061 1682 1251 1729 exercitu7
1281 1686 1447 1719 armatus
1471 1675 1574 1727 ipse,

291 1752 343 1791 ad
380 1750 526 1790 moenia
557 1747 794 1800 procedens,
828 1737 964 1785 votum
997 1744 1155 1785 Herculi
1189 1743 1322 1790 vovit,
1350 1741 1373 1780 sl
1411 1741 1574 1790 dignum

291 1826 430 1866 genere
463 1812 530 1852 suo
566 1810 730 1860 locoque
763 1807 993 1847 bellatorem
1027 1820 1072 1845 eo
1112 1807 1172 1845 die
1211 1805 1248 1847 se
1288 1802 1426 1844 Graecis
1455 1801 1575 1840 osten-

297 1875 429 1916 diffet.
474 1873 675 1923 Postquam
712 1870 859 1920 fignum
894 1869 1144 1919 oppugnandi
1180 1868 1341 1914 datum,
1367 1864 1576 1913 crebroque

293 1937 492 1978 missilium
531 1936 634 1986 jactu
661 1939 966 1985 propugnatores
994 1929 1132 1970 dimoti
1165 1928 1295 1967 locum
1322 1925 1577 1966 admovendis

293 2011 405 2038 muro
441 1996 551 2037 scalis
580 1997 785 2043 fecerunt3
826 1993 973 2044 primus
1009 1992 1186 2031 omnium
1219 1990 1302 2030 Rex
1336 1986 1481 2033 enisus,
1511 1987 1579 2025 ad-

294 2061 421 2100 versus
448 2066 719 2099 concurrentes
748 2053 919 2105 undique
952 2053 1077 2093 hostes
1105 2052 1247 2102 insigne
1277 2055 1470 2089 certamen
1498 2047 1578 2086 edi-

297 2125 382 2163 dit:
413 2122 509 2162 alios
537 2120 708 2160 umbone
734 2117 939 2158 deturbans
964 2148 976 2164 ‚
998 2115 1090 2156 alios
1114 2115 1263 2154 caedens
1288 2111 1444 2163 gladi03
1475 2123 1579 2160 mag-

296 2186 477 2226 nitudine
501 2197 592 2224 vero
630 2182 748 2222 animi
789 2179 1011 2230 roborisque
1052 2179 1210 2217 cunctos
1249 2173 1575 2225 perterrefaciens.

297 2251 436 2299 Neque
461 2248 661 2300 magnifica
693 2255 845 2286 tantum
878 2243 963 2282 haec
991 2242 1025 2282 ei
1052 2253 1208 2292 pugna,
1237 2236 1303 2276 scd
1333 2236 1449 2275 etiam
1471 2234 1579 2273 omni

298 2323 346 2349 ex
374 2319 482 2361 parte
507 2309 599 2348 felix
630 2310 703 2347 fuit
728 2321 737 2347 ε
772 2307 847 2345 {ine
875 2305 955 2344 ullo
988 2303 1055 2342 suo
1084 2300 1261 2347 vulnere,
1295 2309 1433 2348 magna
1461 2295 1580 2346 gloria

298 2380 429 2425 parta,
447 2372 560 2410 etiam
584 2369 719 2408 urbem
744 2367 863 2417 ipsam
889 2365 1028 2404 eodem
1054 2364 1204 2412 impetu
1233 2360 1362 2409 cepit:
1404 2356 1581 2395 animatis

299 2447 381 2475 non
410 2434 546 2472 minus.
563 2429 742 2480 exemplo
765 2429 881 2480 Regis
909 2426 1068 2475 ceteris,
1097 2436 1211 2475 quarn
1238 2420 1409 2461 sollicitis
1435 2418 1580 2471 pericu-

343 2543 370 2587 ς,
397 2541 454 2575 rx„
487 2541 588 2575 Diod.
612 2539 679 2573 fici.
701 2540 723 2573 ι,
749 2548 807 2575 αι.

1682 671 1687 681 r
1680 601 1682 603 ’
1680 444 1691 583 .«»-;.-<-,
1678 389 1691 405 Γ
1666 360 1671 362 .
