1701 3008
195 195 793 244 HISTORIARUM
838 196 969 244 LIB.
1012 196 1168 244 XXI.
1256 199 1343 260 381

69 323 206 365 num,
234 303 468 368 pernicie)
497 303 741 368 superatus.
788 303 892 352 inde
918 303 1126 352 montani
1159 306 1353 369 paucio-

69 394 136 425 res
153 377 240 439 jam
261 415 274 437 ,
298 380 347 426 δι
374 376 602 423 latrocinii
623 377 760 442 magis
781 394 912 441 quam
941 377 1046 425 belli
1066 394 1222 438 more,
1242 369 1354 428 con-

71 452 305 500 cursabant
324 470 334 498 :
363 451 504 498 modo
526 451 572 497 in
594 451 813 513 primum,
831 452 974 499 modo
994 451 1041 498 in
1059 451 1357 503 novissimum

72 541 229 588 agmen
246 561 260 584 ,
286 538 516 587 utcunque
537 535 612 569 aut
637 523 765 571 locus
783 524 1175 587 opportunitatem
1206 526 1357 586 daret,

72 610 148 644 aut
178 597 395 661 progreffi
426 595 652 643 morative
684 596 878 660 aliquam
908 596 1196 645 occasionem
1229 598 1360 648 fecis-

74 671 181 719 sent.
203 670 462 734 Elephanti,
483 669 596 716 ficut
614 669 868 733 praecipites
890 686 970 733 per
989 671 1128 717 arctas
1147 670 1242 720 vias
1262 689 1361 720 rna-

75 763 164 809 gna
194 762 322 793 mora
355 745 627 808 agebantur,
655 743 717 790 ita
744 755 889 791 tutum
913 743 969 790 ab
999 743 1232 802 hostibus,
1253 762 1366 810 qua·

76 835 256 885 cunque
275 817 560 876 incederent,
596 815 732 880 (quia
755 815 936 864 insuetis
959 817 1153 865 adeundi
1177 820 1366 883 propius

76 907 220 939 metus
241 888 364 954 erat)
391 905 548 954 agmen
567 887 843 952 praebebant.
876 891 1023 937 Nono
1047 890 1118 937 die
1135 890 1183 938 in
1207 889 1367 956 jugum

78 964 263 1029 Alpium
293 974 564 1027 perventum
584 961 674 1020 est,
703 978 785 1025 per
816 962 944 1011 invia
973 963 1187 1028 pleraque
1220 966 1271 1012 δε
1295 982 1369 1012 er-

78 1057 234 1100 rores,
254 1055 373 1103 quos
399 1050 476 1085 aut
502 1036 764 1084 ducentium
785 1035 933 1097 fraus,
959 1048 1059 1096 aut,
1088 1038 1165 1085 ubi
1184 1036 1293 1087 fides
1313 1039 1366 1087 iis

81 1133 176 1163 non
198 1114 302 1162 effet
319 1150 335 1172 ,
357 1124 523 1159 temere
543 1109 666 1157 initae
684 1109 822 1158 valles
842 1127 866 1157 a
885 1109 1242 1173 conjectantibus
1258 1112 1368 1173 iter,

80 1187 314 1235 faciebant.
347 1185 542 1231 Biduum
572 1183 620 1229 in
649 1181 759 1246 jugo
780 1181 936 1231 stativa
953 1182 1127 1232 habita:
1164 1183 1367 1248 feffisque

80 1261 237 1308 labore
269 1276 320 1307 ac
347 1258 591 1322 pugnando
620 1255 749 1321 quies
779 1255 879 1302 data
912 1256 1152 1306 militibus:
1188 1258 1370 1321 jumen-

81 1348 217 1401 taque
239 1334 440 1398 aliquot,
468 1348 568 1396 quae
588 1329 796 1394 prolapsa
820 1329 867 1377 in
895 1330 1084 1394 rupibus
1113 1345 1270 1389 erant,
1306 1331 1375 1380 se-

84 1409 269 1475 quendo
287 1406 471 1470 vestigia
499 1403 687 1470 agminis
714 1404 763 1450 in
782 1403 921 1450 castra
945 1420 1211 1467 pervenere.
1242 1404 1374 1453 Feffis

84 1482 224 1530 taedio
254 1493 326 1528 tot
360 1479 583 1526 malorum
617 1476 739 1527 nivis
775 1475 906 1524 etiam
944 1475 1066 1524 casus
1086 1513 1100 1537 ,
1136 1476 1375 1526 occidente

85 1556 172 1619 jam
202 1555 339 1602 fidere
371 1552 699 1617 Vergiliarum,
740 1550 968 1615 ingentem
1001 1563 1220 1598 terrorem
1252 1550 1377 1614 adje-

88 1634 164 1682 cit.
194 1634 279 1679 Per
307 1630 460 1677 omnia
489 1629 598 1675 nive
618 1627 804 1690 oppleta
839 1643 942 1673 cum
958 1662 973 1686 ,
994 1625 1126 1691 fignis
1146 1627 1289 1690 prima
1310 1626 1378 1673 lu·

89 1723 141 1757 ce
169 1707 334 1762 motis,
366 1704 555 1768 segniter
584 1719 740 1768 agmen
769 1700 1021 1759 incederet,
1041 1699 1310 1764 pigritiaque
1329 1701 1379 1749 δε

90 1780 340 1845 desperatio
374 1779 421 1826 in
451 1778 658 1825 omnium
686 1776 818 1825 vultu
844 1775 1059 1821 emineret
1070 1791 1084 1830 3
1123 1773 1380 1837 praegress'us

90 1854 208 1918 signa
227 1853 451 1900 Hannibal
473 1852 519 1898 in
540 1850 867 1914 promontorio
889 1847 1088 1912 quodam
1102 1883 1116 1905 ,
1142 1848 1261 1893 unde
1282 1846 1382 1894 lon-

94 1945 147 1993 ge
177 1944 228 1974 ac
257 1927 344 1972 late
376 1924 633 1989 prospectus
663 1935 782 1980 erat,
815 1919 1054 1968 consistere
1071 1917 1192 1980 jussis
1222 1919 1380 1966 militi-

92 2001 175 2047 bus
195 1999 364 2046 Italiam
385 1998 603 2054 ostentat,
625 1993 932 2057 subjectosque
950 1991 1128 2055 Alpinis
1147 1992 1382 2040 montibus

98 2073 494 2137 Circumpadanos
534 2086 751 2134 campos:
783 2072 1016 2129 moetziaque
1049 2084 1116 2112 eos
1150 2084 1236 2112 tum
1265 2082 1384 2113 tran-

86 2151 278 2212 scendere
296 2166 382 2194 non
400 2149 534 2192 Italiae
550 2148 698 2200 modo,
704 2143 788 2203 fid
803 2143 926 2187 eciam
946 2142 1059 2185 urbis
1073 2141 1290 2184 Romame.
1323 2158 1384 2184 ce-

100 2241 183 2271 tera
198 2229 333 2286 plana
354 2258 368 2280 ,
396 2225 607 2285 proclivia
628 2220 757 2279 fore:
789 2236 872 2263 uno
885 2252 900 2272 ‚
928 2232 1003 2262 aut
1027 2217 1235 2275 ficmmum
1257 2219 1384 2261 altero

92 2302 242 2359 proelio
267 2315 397 2343 arcem
419 2295 462 2343 δ’
479 2310 604 2356 caput
627 2295 759 2339 Italiae
792 2294 837 2336 in
869 2308 1000 2336 manu
1025 2309 1075 2335 ac
1094 2290 1289 2356 potestate
1308 2290 1387 2333 Iza-

101 2372 269 2414 bituros.
303 2367 553 2415 Procedere
577 2365 681 2413 inde
701 2379 860 2427 agmen
893 2361 1063 2424 coepit;
1093 2361 1181 2423 jam
1203 2360 1389 2406 nihilne

103 2440 304 2487 hostibus
335 2440 516 2503 quidem
536 2476 550 2498 ‚
580 2450 740 2502 praeter
766 2452 905 2500 parva
937 2433 1055 2481 furta
1082 2451 1162 2497 per
1186 2432 1390 2479 occasio-

105 2530 238 2572 nem,
275 2513 562 2560 tentantibus.
597 2513 812 2560 Ceterum
848 2510 932 2558 iter
964 2509 1110 2555 multo
1129 2542 1144 2566 ,
1170 2523 1306 2568 quam
1341 2504 1388 2550 in
