<?xml version="1.0" encoding="UTF-8"?>
<!DOCTYPE html PUBLIC "-//W3C//DTD XHTML 1.0 Transitional//EN"
    "http://www.w3.org/TR/xhtml1/DTD/xhtml1-transitional.dtd">
<html xmlns="http://www.w3.org/1999/xhtml" xml:lang="en" lang="en">
 <head>
  <title>
</title>
<meta http-equiv="Content-Type" content="text/html;charset=utf-8" />
  <meta name='ocr-system' content='tesseract 3.04.00' />
  <meta name='ocr-capabilities' content='ocr_page ocr_carea ocr_par ocr_line ocrx_word'/>
</head>
<body>
  <div class='ocr_page' id='page_1' title='image "./historiarumlibri03livyuoft_0060.png"; bbox 0 0 1701 3008; ppageno 0'>
   <div class='ocr_carea' id='block_1_1' title="bbox 326 154 1266 230">
    <p class='ocr_par' dir='ltr' id='par_1_1' title="bbox 326 154 1266 230">
     <span class='ocr_line' id='line_1_1' title="bbox 326 154 1266 230; baseline -0.01 -19"><span class='ocrx_word' id='word_1_1' title='bbox 326 179 384 230; x_wconf 73' lang='lat'>52</span> <span class='ocrx_word' id='word_1_2' title='bbox 706 154 1266 206; x_wconf 84' lang='lat' dir='ltr'>T1T1L1V11</span> 
     </span>
    </p>
   </div>
   <div class='ocr_carea' id='block_1_2' title="bbox 324 261 1628 2508">
    <p class='ocr_par' dir='ltr' id='par_1_2' title="bbox 324 261 1628 2508">
     <span class='ocr_line' id='line_1_2' title="bbox 325 261 1608 333; baseline -0.005 -15"><span class='ocrx_word' id='word_1_3' title='bbox 325 271 420 327; x_wconf 89' lang='lat' dir='ltr'>sul,</span> <span class='ocrx_word' id='word_1_4' title='bbox 451 268 602 333; x_wconf 86' lang='lat' dir='ltr'>primo</span> <span class='ocrx_word' id='word_1_5' title='bbox 631 266 691 312; x_wconf 84' lang='lat' dir='ltr'>ita</span> <span class='ocrx_word' id='word_1_6' title='bbox 721 262 999 326; x_wconf 77' lang='lat' dir='ltr'>compositus</span> <span class='ocrx_word' id='word_1_7' title='bbox 1028 261 1346 325; x_wconf 61' lang='lat' dir='ltr'>instructusque</span> <span class='ocrx_word' id='word_1_8' title='bbox 1380 263 1608 311; x_wconf 72' lang='lat' dir='ltr'>moenibus</span> 
     </span>
     <span class='ocr_line' id='line_1_3' title="bbox 325 333 1608 417; baseline -0.007 -26"><span class='ocrx_word' id='word_1_9' title='bbox 325 342 555 395; x_wconf 86' lang='lat' dir='ltr'>succeffit‚</span> <span class='ocrx_word' id='word_1_10' title='bbox 577 351 787 417; x_wconf 79' lang='lat' dir='ltr'>tanquam</span> <span class='ocrx_word' id='word_1_11' title='bbox 803 335 954 392; x_wconf 88' lang='lat' dir='ltr'>idem,</span> <span class='ocrx_word' id='word_1_12' title='bbox 985 333 1111 397; x_wconf 88' lang='lat' dir='ltr'>quod</span> <span class='ocrx_word' id='word_1_13' title='bbox 1143 334 1199 380; x_wconf 90' lang='lat' dir='ltr'>ad</span> <span class='ocrx_word' id='word_1_14' title='bbox 1219 333 1476 382; x_wconf 83' lang='lat' dir='ltr'>Milioniam</span> <span class='ocrx_word' id='word_1_15' title='bbox 1503 335 1608 382; x_wconf 90' lang='lat' dir='ltr'>fue-</span> 
     </span>
     <span class='ocr_line' id='line_1_4' title="bbox 325 405 1609 472; baseline -0.005 -10"><span class='ocrx_word' id='word_1_16' title='bbox 325 427 416 472; x_wconf 82' lang='lat' dir='ltr'>rat,</span> <span class='ocrx_word' id='word_1_17' title='bbox 442 409 692 460; x_wconf 86' lang='lat' dir='ltr'>certaminis</span> <span class='ocrx_word' id='word_1_18' title='bbox 723 407 870 455; x_wconf 87' lang='lat' dir='ltr'>foret:</span> <span class='ocrx_word' id='word_1_19' title='bbox 910 407 1097 465; x_wconf 88' lang='lat' dir='ltr'>deinde,</span> <span class='ocrx_word' id='word_1_20' title='bbox 1116 417 1166 452; x_wconf 90' lang='lat' dir='ltr'>ut</span> <span class='ocrx_word' id='word_1_21' title='bbox 1185 405 1409 453; x_wconf 80' lang='lat' dir='ltr'>silentium</span> <span class='ocrx_word' id='word_1_22' title='bbox 1432 407 1609 459; x_wconf 86' lang='lat' dir='ltr'>vastum</span> 
     </span>
     <span class='ocr_line' id='line_1_5' title="bbox 324 480 1611 542; baseline -0.004 -8"><span class='ocrx_word' id='word_1_23' title='bbox 324 489 371 535; x_wconf 89' lang='lat' dir='ltr'>in</span> <span class='ocrx_word' id='word_1_24' title='bbox 406 488 515 532; x_wconf 86' lang='lat' dir='ltr'>urbe</span> <span class='ocrx_word' id='word_1_25' title='bbox 534 521 546 542; x_wconf 87' lang='lat'>‚</span> <span class='ocrx_word' id='word_1_26' title='bbox 579 500 661 530; x_wconf 90' lang='lat' dir='ltr'>nec</span> <span class='ocrx_word' id='word_1_27' title='bbox 688 488 835 541; x_wconf 73' lang='lat' dir='ltr'>arma,</span> <span class='ocrx_word' id='word_1_28' title='bbox 865 497 949 528; x_wconf 88' lang='lat' dir='ltr'>nec</span> <span class='ocrx_word' id='word_1_29' title='bbox 973 481 1103 529; x_wconf 87' lang='lat' dir='ltr'>viros</span> <span class='ocrx_word' id='word_1_30' title='bbox 1131 480 1178 527; x_wconf 89' lang='lat' dir='ltr'>in</span> <span class='ocrx_word' id='word_1_31' title='bbox 1202 481 1403 529; x_wconf 88' lang='lat' dir='ltr'>turribus</span> <span class='ocrx_word' id='word_1_32' title='bbox 1433 498 1484 529; x_wconf 88' lang='lat' dir='ltr'>ac</span> <span class='ocrx_word' id='word_1_33' title='bbox 1505 499 1611 528; x_wconf 90' lang='lat' dir='ltr'>mu-</span> 
     </span>
     <span class='ocr_line' id='line_1_6' title="bbox 324 553 1610 616; baseline -0.002 -11"><span class='ocrx_word' id='word_1_34' title='bbox 324 561 384 606; x_wconf 87' lang='lat' dir='ltr'>ris</span> <span class='ocrx_word' id='word_1_35' title='bbox 405 559 550 616; x_wconf 82' lang='lat' dir='ltr'>vidit,</span> <span class='ocrx_word' id='word_1_36' title='bbox 572 556 759 604; x_wconf 87' lang='lat' dir='ltr'>avidum</span> <span class='ocrx_word' id='word_1_37' title='bbox 781 554 1024 602; x_wconf 88' lang='lat' dir='ltr'>invadendi</span> <span class='ocrx_word' id='word_1_38' title='bbox 1044 553 1213 615; x_wconf 75' lang='lat' dir='ltr'>deserta</span> <span class='ocrx_word' id='word_1_39' title='bbox 1230 555 1402 602; x_wconf 88' lang='lat' dir='ltr'>moenia</span> <span class='ocrx_word' id='word_1_40' title='bbox 1419 555 1610 604; x_wconf 86' lang='lat' dir='ltr'>militem</span> 
     </span>
     <span class='ocr_line' id='line_1_7' title="bbox 324 627 1612 693; baseline -0.002 -14"><span class='ocrx_word' id='word_1_41' title='bbox 324 633 528 690; x_wconf 79' lang='lat' dir='ltr'><strong>detinet,</strong></span> <span class='ocrx_word' id='word_1_42' title='bbox 565 648 620 677; x_wconf 86' lang='lat' dir='ltr'>ne</span> <span class='ocrx_word' id='word_1_43' title='bbox 657 646 790 693; x_wconf 82' lang='lat' dir='ltr'>quam</span> <span class='ocrx_word' id='word_1_44' title='bbox 828 627 1059 676; x_wconf 80' lang='lat' dir='ltr'>occultam</span> <span class='ocrx_word' id='word_1_45' title='bbox 1086 627 1133 674; x_wconf 89' lang='lat' dir='ltr'>in</span> <span class='ocrx_word' id='word_1_46' title='bbox 1172 627 1371 675; x_wconf 89' lang='lat' dir='ltr'>fraudem</span> <span class='ocrx_word' id='word_1_47' title='bbox 1403 629 1612 677; x_wconf 87' lang='lat' dir='ltr'>incautus</span> 
     </span>
     <span class='ocr_line' id='line_1_8' title="bbox 325 704 1613 754; baseline -0.001 0"><span class='ocrx_word' id='word_1_48' title='bbox 325 720 485 754; x_wconf 86' lang='lat' dir='ltr'>rueret.</span> <span class='ocrx_word' id='word_1_49' title='bbox 515 708 644 753; x_wconf 86' lang='lat' dir='ltr'>Duas</span> <span class='ocrx_word' id='word_1_50' title='bbox 678 719 840 753; x_wconf 84' lang='lat' dir='ltr'>turmas</span> <span class='ocrx_word' id='word_1_51' title='bbox 871 704 1102 753; x_wconf 85' lang='lat' dir='ltr'>sociorum</span> <span class='ocrx_word' id='word_1_52' title='bbox 1120 707 1267 753; x_wconf 89' lang='lat' dir='ltr'>Latini</span> <span class='ocrx_word' id='word_1_53' title='bbox 1297 707 1497 753; x_wconf 87' lang='lat' dir='ltr'>nominis</span> <span class='ocrx_word' id='word_1_54' title='bbox 1524 706 1613 754; x_wconf 90' lang='lat' dir='ltr'>cir-</span> 
     </span>
     <span class='ocr_line' id='line_1_9' title="bbox 327 775 1614 840; baseline -0.002 -16"><span class='ocrx_word' id='word_1_55' title='bbox 327 778 633 840; x_wconf 85' lang='lat' dir='ltr'>cumequitare</span> <span class='ocrx_word' id='word_1_56' title='bbox 669 777 871 835; x_wconf 81' lang='lat' dir='ltr'>moenia,</span> <span class='ocrx_word' id='word_1_57' title='bbox 910 788 1041 838; x_wconf 88' lang='lat' dir='ltr'>atque</span> <span class='ocrx_word' id='word_1_58' title='bbox 1077 775 1318 839; x_wconf 87' lang='lat' dir='ltr'>explorare</span> <span class='ocrx_word' id='word_1_59' title='bbox 1349 776 1505 823; x_wconf 90' lang='lat' dir='ltr'>omnia</span> <span class='ocrx_word' id='word_1_60' title='bbox 1539 775 1614 838; x_wconf 83' lang='lat' dir='ltr'>ju-</span> 
     </span>
     <span class='ocr_line' id='line_1_10' title="bbox 328 848 1615 912; baseline -0.001 -17"><span class='ocrx_word' id='word_1_61' title='bbox 328 850 418 902; x_wconf 84' lang='lat' dir='ltr'>bet.</span> <span class='ocrx_word' id='word_1_62' title='bbox 454 850 626 912; x_wconf 84' lang='lat' dir='ltr'>equites</span> <span class='ocrx_word' id='word_1_63' title='bbox 655 862 831 912; x_wconf 79' lang='lat' dir='ltr'>portam</span> <span class='ocrx_word' id='word_1_64' title='bbox 867 866 1003 895; x_wconf 88' lang='lat' dir='ltr'>unam</span> <span class='ocrx_word' id='word_1_65' title='bbox 1041 848 1315 909; x_wconf 83' lang='lat' dir='ltr'>alteramque</span> <span class='ocrx_word' id='word_1_66' title='bbox 1345 849 1499 895; x_wconf 90' lang='lat' dir='ltr'>eadem</span> <span class='ocrx_word' id='word_1_67' title='bbox 1541 864 1615 894; x_wconf 90' lang='lat' dir='ltr'>re-</span> 
     </span>
     <span class='ocr_line' id='line_1_11' title="bbox 328 919 1614 987; baseline -0.003 -18"><span class='ocrx_word' id='word_1_68' title='bbox 328 927 463 986; x_wconf 76' lang='lat' dir='ltr'>gione</span> <span class='ocrx_word' id='word_1_69' title='bbox 489 923 535 969; x_wconf 85' lang='lat' dir='ltr'>in</span> <span class='ocrx_word' id='word_1_70' title='bbox 567 925 829 986; x_wconf 86' lang='lat' dir='ltr'>propinquo</span> <span class='ocrx_word' id='word_1_71' title='bbox 860 934 1062 987; x_wconf 85' lang='lat' dir='ltr'>patentes</span> <span class='ocrx_word' id='word_1_72' title='bbox 1093 919 1408 982; x_wconf 87' lang='lat' dir='ltr'>conspiciunt,</span> <span class='ocrx_word' id='word_1_73' title='bbox 1440 919 1614 966; x_wconf 85' lang='lat' dir='ltr'>itineri-</span> 
     </span>
     <span class='ocr_line' id='line_1_12' title="bbox 326 992 1617 1059; baseline -0.001 -21"><span class='ocrx_word' id='word_1_74' title='bbox 326 997 496 1055; x_wconf 72' lang='lat' dir='ltr'>busque</span> <span class='ocrx_word' id='word_1_75' title='bbox 530 996 582 1040; x_wconf 89' lang='lat' dir='ltr'>iis</span> <span class='ocrx_word' id='word_1_76' title='bbox 618 996 803 1059; x_wconf 80' lang='lat' dir='ltr'>vestigia</span> <span class='ocrx_word' id='word_1_77' title='bbox 833 997 1068 1044; x_wconf 67' lang='lat' dir='ltr'>nocturnae</span> <span class='ocrx_word' id='word_1_78' title='bbox 1101 993 1294 1041; x_wconf 87' lang='lat' dir='ltr'>hostium</span> <span class='ocrx_word' id='word_1_79' title='bbox 1323 992 1455 1054; x_wconf 76' lang='lat' dir='ltr'>fugae.</span> <span class='ocrx_word' id='word_1_80' title='bbox 1494 992 1617 1037; x_wconf 84' lang='lat' dir='ltr'>Ade-</span> 
     </span>
     <span class='ocr_line' id='line_1_13' title="bbox 327 1062 1616 1128; baseline -0.003 -17"><span class='ocrx_word' id='word_1_81' title='bbox 327 1065 503 1128; x_wconf 82' lang='lat' dir='ltr'>quitant</span> <span class='ocrx_word' id='word_1_82' title='bbox 535 1062 694 1107; x_wconf 81' lang='lat' dir='ltr'>deinde</span> <span class='ocrx_word' id='word_1_83' title='bbox 732 1067 887 1109; x_wconf 78' lang='lat' dir='ltr'>senfim</span> <span class='ocrx_word' id='word_1_84' title='bbox 922 1067 1098 1124; x_wconf 83' lang='lat' dir='ltr'>portis,</span> <span class='ocrx_word' id='word_1_85' title='bbox 1129 1066 1377 1125; x_wconf 80' lang='lat' dir='ltr'>urbemque</span> <span class='ocrx_word' id='word_1_86' title='bbox 1414 1076 1472 1106; x_wconf 84' lang='lat' dir='ltr'>ex</span> <span class='ocrx_word' id='word_1_87' title='bbox 1509 1071 1616 1107; x_wconf 90' lang='lat' dir='ltr'>tuto</span> 
     </span>
     <span class='ocr_line' id='line_1_14' title="bbox 328 1130 1616 1194; baseline -0.003 -11"><span class='ocrx_word' id='word_1_88' title='bbox 328 1136 455 1182; x_wconf 61' lang='lat' dir='ltr'>rectis</span> <span class='ocrx_word' id='word_1_89' title='bbox 484 1133 717 1180; x_wconf 81' lang='lat' dir='ltr'>itineribus</span> <span class='ocrx_word' id='word_1_90' title='bbox 740 1132 944 1194; x_wconf 86' lang='lat' dir='ltr'>perviam</span> <span class='ocrx_word' id='word_1_91' title='bbox 965 1130 1276 1193; x_wconf 89' lang='lat' dir='ltr'>conspiciunt:</span> <span class='ocrx_word' id='word_1_92' title='bbox 1310 1133 1364 1178; x_wconf 87' lang='lat' dir='ltr'>ad</span> <span class='ocrx_word' id='word_1_93' title='bbox 1383 1131 1616 1179; x_wconf 87' lang='lat' dir='ltr'>consulem</span> 
     </span>
     <span class='ocr_line' id='line_1_15' title="bbox 328 1203 1616 1263; baseline -0.002 -9"><span class='ocrx_word' id='word_1_94' title='bbox 328 1207 559 1263; x_wconf 81' lang='lat' dir='ltr'>referunt,</span> <span class='ocrx_word' id='word_1_95' title='bbox 583 1206 805 1253; x_wconf 74' lang='lat' dir='ltr'>excessum</span> <span class='ocrx_word' id='word_1_96' title='bbox 835 1204 971 1260; x_wconf 78' lang='lat' dir='ltr'>urbe3</span> <span class='ocrx_word' id='word_1_97' title='bbox 994 1203 1238 1250; x_wconf 86' lang='lat' dir='ltr'>solitudine</span> <span class='ocrx_word' id='word_1_98' title='bbox 1269 1203 1389 1250; x_wconf 88' lang='lat' dir='ltr'>haud</span> <span class='ocrx_word' id='word_1_99' title='bbox 1413 1204 1547 1251; x_wconf 83' lang='lat' dir='ltr'>dubia</span> <span class='ocrx_word' id='word_1_100' title='bbox 1567 1203 1616 1251; x_wconf 90' lang='lat' dir='ltr'>id</span> 
     </span>
     <span class='ocr_line' id='line_1_16' title="bbox 329 1276 1618 1359; baseline -0.001 -33"><span class='ocrx_word' id='word_1_101' title='bbox 329 1280 613 1359; x_wconf 67' lang='lat' dir='ltr'>perspicuum</span> <span class='ocrx_word' id='word_1_102' title='bbox 644 1279 757 1337; x_wconf 83' lang='lat' dir='ltr'>effe,</span> <span class='ocrx_word' id='word_1_103' title='bbox 777 1278 1030 1325; x_wconf 85' lang='lat' dir='ltr'>recentibus</span> <span class='ocrx_word' id='word_1_104' title='bbox 1048 1277 1247 1341; x_wconf 87' lang='lat' dir='ltr'>vestigiis</span> <span class='ocrx_word' id='word_1_105' title='bbox 1267 1276 1407 1341; x_wconf 85' lang='lat' dir='ltr'>fugae,</span> <span class='ocrx_word' id='word_1_106' title='bbox 1437 1295 1488 1325; x_wconf 86' lang='lat' dir='ltr'>ac</span> <span class='ocrx_word' id='word_1_107' title='bbox 1511 1276 1618 1325; x_wconf 87' lang='lat' dir='ltr'>stra·</span> 
     </span>
     <span class='ocr_line' id='line_1_17' title="bbox 330 1348 1617 1417; baseline -0.003 -18"><span class='ocrx_word' id='word_1_108' title='bbox 330 1370 384 1417; x_wconf 69' lang='lat' dir='ltr'>ge</span> <span class='ocrx_word' id='word_1_109' title='bbox 414 1368 570 1399; x_wconf 82' lang='lat' dir='ltr'>rerum</span> <span class='ocrx_word' id='word_1_110' title='bbox 590 1351 638 1397; x_wconf 87' lang='lat' dir='ltr'>in</span> <span class='ocrx_word' id='word_1_111' title='bbox 671 1351 972 1413; x_wconf 81' lang='lat' dir='ltr'>trepidatione</span> <span class='ocrx_word' id='word_1_112' title='bbox 1003 1351 1224 1396; x_wconf 67' lang='lat' dir='ltr'>noffitrna</span> <span class='ocrx_word' id='word_1_113' title='bbox 1252 1350 1406 1412; x_wconf 74' lang='lat' dir='ltr'>palum</span> <span class='ocrx_word' id='word_1_114' title='bbox 1438 1348 1617 1396; x_wconf 67' lang='lat' dir='ltr'>relicta-</span> 
     </span>
     <span class='ocr_line' id='line_1_18' title="bbox 331 1423 1618 1487; baseline -0.003 -13"><span class='ocrx_word' id='word_1_115' title='bbox 331 1431 445 1474; x_wconf 82' lang='lat' dir='ltr'>rum.</span> <span class='ocrx_word' id='word_1_116' title='bbox 475 1427 556 1473; x_wconf 88' lang='lat' dir='ltr'>His</span> <span class='ocrx_word' id='word_1_117' title='bbox 575 1424 739 1472; x_wconf 83' lang='lat' dir='ltr'>auditis</span> <span class='ocrx_word' id='word_1_118' title='bbox 755 1460 769 1484; x_wconf 84' lang='lat'>‚</span> <span class='ocrx_word' id='word_1_119' title='bbox 800 1424 956 1473; x_wconf 87' lang='lat' dir='ltr'>consul</span> <span class='ocrx_word' id='word_1_120' title='bbox 978 1425 1033 1471; x_wconf 87' lang='lat' dir='ltr'>ad</span> <span class='ocrx_word' id='word_1_121' title='bbox 1063 1441 1159 1471; x_wconf 85' lang='lat' dir='ltr'>eam</span> <span class='ocrx_word' id='word_1_122' title='bbox 1178 1435 1346 1486; x_wconf 89' lang='lat' dir='ltr'>partem</span> <span class='ocrx_word' id='word_1_123' title='bbox 1366 1423 1512 1481; x_wconf 81' lang='lat' dir='ltr'>urbis,</span> <span class='ocrx_word' id='word_1_124' title='bbox 1527 1440 1618 1487; x_wconf 87' lang='lat' dir='ltr'>qua</span> 
     </span>
     <span class='ocr_line' id='line_1_19' title="bbox 334 1495 1622 1561; baseline -0.003 -16"><span class='ocrx_word' id='word_1_125' title='bbox 334 1500 533 1545; x_wconf 83' lang='lat' dir='ltr'>adierant</span> <span class='ocrx_word' id='word_1_126' title='bbox 560 1497 730 1561; x_wconf 85' lang='lat' dir='ltr'>equites</span> <span class='ocrx_word' id='word_1_127' title='bbox 749 1533 762 1555; x_wconf 82' lang='lat'>‚</span> <span class='ocrx_word' id='word_1_128' title='bbox 793 1496 1089 1545; x_wconf 82' lang='lat' dir='ltr'>circumducit</span> <span class='ocrx_word' id='word_1_129' title='bbox 1122 1513 1311 1561; x_wconf 82' lang='lat' dir='ltr'>agmen:</span> <span class='ocrx_word' id='word_1_130' title='bbox 1345 1495 1622 1542; x_wconf 57' lang='lat' dir='ltr'>constitutifa</span> 
     </span>
     <span class='ocr_line' id='line_1_20' title="bbox 334 1569 1618 1635; baseline -0.003 -16"><span class='ocrx_word' id='word_1_131' title='bbox 334 1591 421 1635; x_wconf 75' lang='lat' dir='ltr'>que</span> <span class='ocrx_word' id='word_1_132' title='bbox 452 1572 569 1618; x_wconf 80' lang='lat' dir='ltr'>haud</span> <span class='ocrx_word' id='word_1_133' title='bbox 596 1572 755 1634; x_wconf 85' lang='lat' dir='ltr'>procul</span> <span class='ocrx_word' id='word_1_134' title='bbox 776 1585 907 1634; x_wconf 86' lang='lat' dir='ltr'>porta</span> <span class='ocrx_word' id='word_1_135' title='bbox 934 1571 1089 1635; x_wconf 67' lang='lat' dir='ltr'>lignis,</span> <span class='ocrx_word' id='word_1_136' title='bbox 1115 1571 1317 1634; x_wconf 77' lang='lat' dir='ltr'>¹quinque</span> <span class='ocrx_word' id='word_1_137' title='bbox 1349 1569 1522 1634; x_wconf 86' lang='lat' dir='ltr'>equites</span> <span class='ocrx_word' id='word_1_138' title='bbox 1544 1569 1618 1631; x_wconf 81' lang='lat' dir='ltr'>ju-</span> 
     </span>
     <span class='ocr_line' id='line_1_21' title="bbox 336 1642 1620 1707; baseline -0.004 -14"><span class='ocrx_word' id='word_1_139' title='bbox 336 1648 411 1693; x_wconf 88' lang='lat' dir='ltr'>bet</span> <span class='ocrx_word' id='word_1_140' title='bbox 436 1647 600 1692; x_wconf 88' lang='lat' dir='ltr'>intrare</span> <span class='ocrx_word' id='word_1_141' title='bbox 631 1646 815 1704; x_wconf 80' lang='lat' dir='ltr'>urbem,</span> <span class='ocrx_word' id='word_1_142' title='bbox 841 1647 892 1693; x_wconf 88' lang='lat'>&amp;</span> <span class='ocrx_word' id='word_1_143' title='bbox 911 1682 924 1704; x_wconf 87' lang='lat'>‚</span> <span class='ocrx_word' id='word_1_144' title='bbox 952 1644 1181 1693; x_wconf 85' lang='lat' dir='ltr'>modicum</span> <span class='ocrx_word' id='word_1_145' title='bbox 1202 1644 1391 1707; x_wconf 86' lang='lat' dir='ltr'>spatium</span> <span class='ocrx_word' id='word_1_146' title='bbox 1412 1642 1620 1706; x_wconf 84' lang='lat' dir='ltr'>progres-</span> 
     </span>
     <span class='ocr_line' id='line_1_22' title="bbox 337 1715 1620 1777; baseline -0.004 -12"><span class='ocrx_word' id='word_1_147' title='bbox 337 1719 437 1777; x_wconf 75' lang='lat' dir='ltr'>ios,</span> <span class='ocrx_word' id='word_1_148' title='bbox 468 1733 554 1765; x_wconf 85' lang='lat' dir='ltr'>tres</span> <span class='ocrx_word' id='word_1_149' title='bbox 583 1736 762 1765; x_wconf 83' lang='lat' dir='ltr'>manere</span> <span class='ocrx_word' id='word_1_150' title='bbox 797 1718 955 1765; x_wconf 88' lang='lat' dir='ltr'>eodem</span> <span class='ocrx_word' id='word_1_151' title='bbox 986 1719 1130 1776; x_wconf 85' lang='lat' dir='ltr'>loco,</span> <span class='ocrx_word' id='word_1_152' title='bbox 1161 1717 1193 1762; x_wconf 86' lang='lat' dir='ltr'><strong>fi</strong></span> <span class='ocrx_word' id='word_1_153' title='bbox 1225 1728 1319 1762; x_wconf 88' lang='lat' dir='ltr'>tuta</span> <span class='ocrx_word' id='word_1_154' title='bbox 1355 1715 1620 1771; x_wconf 79' lang='lat' dir='ltr'>videantur3</span> 
     </span>
     <span class='ocr_line' id='line_1_23' title="bbox 339 1787 1620 1855; baseline -0.006 -16"><span class='ocrx_word' id='word_1_155' title='bbox 339 1790 454 1840; x_wconf 82' lang='lat' dir='ltr'>duos</span> <span class='ocrx_word' id='word_1_156' title='bbox 481 1794 711 1855; x_wconf 77' lang='lat' dir='ltr'>explorata</span> <span class='ocrx_word' id='word_1_157' title='bbox 742 1792 796 1839; x_wconf 87' lang='lat' dir='ltr'>ad</span> <span class='ocrx_word' id='word_1_158' title='bbox 827 1792 868 1838; x_wconf 93' lang='lat' dir='ltr'>se</span> <span class='ocrx_word' id='word_1_159' title='bbox 901 1790 1077 1838; x_wconf 89' lang='lat' dir='ltr'>r.eferre</span> <span class='ocrx_word' id='word_1_160' title='bbox 1100 1789 1210 1850; x_wconf 91' lang='lat' dir='ltr'>Qui</span> <span class='ocrx_word' id='word_1_161' title='bbox 1243 1788 1320 1834; x_wconf 86' lang='lat' dir='ltr'>ubi</span> <span class='ocrx_word' id='word_1_162' title='bbox 1355 1787 1620 1844; x_wconf 76' lang='lat' dir='ltr'>ledierunt‚</span> 
     </span>
     <span class='ocr_line' id='line_1_24' title="bbox 339 1854 1621 1927; baseline -0.006 -15"><span class='ocrx_word' id='word_1_163' title='bbox 339 1867 672 1927; x_wconf 78' lang='lat' dir='ltr'>retuleruntque</span> <span class='ocrx_word' id='word_1_164' title='bbox 693 1901 706 1920; x_wconf 90' lang='lat'><strong>‚</strong></span> <span class='ocrx_word' id='word_1_165' title='bbox 748 1880 804 1910; x_wconf 90' lang='lat' dir='ltr'>eo</span> <span class='ocrx_word' id='word_1_166' title='bbox 835 1863 875 1909; x_wconf 89' lang='lat' dir='ltr'>se</span> <span class='ocrx_word' id='word_1_167' title='bbox 909 1854 1191 1925; x_wconf 71' lang='lat' dir='ltr'>progressos,</span> <span class='ocrx_word' id='word_1_168' title='bbox 1226 1859 1345 1904; x_wconf 87' lang='lat' dir='ltr'>unde</span> <span class='ocrx_word' id='word_1_169' title='bbox 1378 1858 1424 1903; x_wconf 88' lang='lat' dir='ltr'>in</span> <span class='ocrx_word' id='word_1_170' title='bbox 1461 1873 1621 1904; x_wconf 88' lang='lat' dir='ltr'>omnes</span> 
     </span>
     <span class='ocr_line' id='line_1_25' title="bbox 340 1928 1624 2000; baseline -0.005 -17"><span class='ocrx_word' id='word_1_171' title='bbox 340 1951 486 2000; x_wconf 87' lang='lat' dir='ltr'>partes</span> <span class='ocrx_word' id='word_1_172' title='bbox 512 1936 851 1999; x_wconf 66' lang='lat' dir='ltr'>circumspectus</span> <span class='ocrx_word' id='word_1_173' title='bbox 878 1934 1012 1992; x_wconf 73' lang='lat' dir='ltr'>esset,</span> <span class='ocrx_word' id='word_1_174' title='bbox 1043 1934 1177 1995; x_wconf 70' lang='lat' dir='ltr'>longe</span> <span class='ocrx_word' id='word_1_175' title='bbox 1200 1932 1372 1994; x_wconf 86' lang='lat' dir='ltr'>lateque</span> <span class='ocrx_word' id='word_1_176' title='bbox 1398 1928 1624 1976; x_wconf 85' lang='lat' dir='ltr'>filentium</span> 
     </span>
     <span class='ocr_line' id='line_1_26' title="bbox 342 2002 1623 2068; baseline -0.007 -13"><span class='ocrx_word' id='word_1_177' title='bbox 342 2027 393 2055; x_wconf 84' lang='lat' dir='ltr'>ac</span> <span class='ocrx_word' id='word_1_178' title='bbox 429 2008 710 2054; x_wconf 84' lang='lat' dir='ltr'>solitudinem</span> <span class='ocrx_word' id='word_1_179' title='bbox 734 2008 919 2064; x_wconf 78' lang='lat' dir='ltr'>vidiffe3</span> <span class='ocrx_word' id='word_1_180' title='bbox 945 2005 1175 2068; x_wconf 83' lang='lat' dir='ltr'>extemplo</span> <span class='ocrx_word' id='word_1_181' title='bbox 1210 2002 1369 2051; x_wconf 88' lang='lat' dir='ltr'>consul</span> <span class='ocrx_word' id='word_1_182' title='bbox 1404 2002 1623 2049; x_wconf 83' lang='lat' dir='ltr'>cohortes</span> 
     </span>
     <span class='ocr_line' id='line_1_27' title="bbox 342 2073 1622 2143; baseline -0.004 -18"><span class='ocrx_word' id='word_1_183' title='bbox 342 2081 568 2143; x_wconf 81' lang='lat' dir='ltr'>expeditas</span> <span class='ocrx_word' id='word_1_184' title='bbox 591 2081 636 2127; x_wconf 88' lang='lat' dir='ltr'>in</span> <span class='ocrx_word' id='word_1_185' title='bbox 655 2082 811 2127; x_wconf 87' lang='lat' dir='ltr'>urbem</span> <span class='ocrx_word' id='word_1_186' title='bbox 834 2079 1035 2134; x_wconf 82' lang='lat' dir='ltr'>induxit3</span> <span class='ocrx_word' id='word_1_187' title='bbox 1074 2090 1248 2125; x_wconf 86' lang='lat' dir='ltr'>ceteros</span> <span class='ocrx_word' id='word_1_188' title='bbox 1277 2075 1458 2121; x_wconf 86' lang='lat' dir='ltr'>interim</span> <span class='ocrx_word' id='word_1_189' title='bbox 1485 2073 1622 2121; x_wconf 87' lang='lat' dir='ltr'>castra</span> 
     </span>
     <span class='ocr_line' id='line_1_28' title="bbox 344 2146 1624 2215; baseline -0.005 -15"><span class='ocrx_word' id='word_1_190' title='bbox 344 2154 623 2200; x_wconf 85' lang='lat' dir='ltr'>communire</span> <span class='ocrx_word' id='word_1_191' title='bbox 648 2152 777 2215; x_wconf 85' lang='lat' dir='ltr'>juffit.</span> <span class='ocrx_word' id='word_1_192' title='bbox 800 2152 973 2215; x_wconf 81' lang='lat' dir='ltr'>ingreffi</span> <span class='ocrx_word' id='word_1_193' title='bbox 993 2152 1155 2198; x_wconf 82' lang='lat' dir='ltr'>milites</span> <span class='ocrx_word' id='word_1_194' title='bbox 1171 2187 1186 2207; x_wconf 85' lang='lat'><em>,</em></span> <span class='ocrx_word' id='word_1_195' title='bbox 1206 2148 1401 2195; x_wconf 71' lang='lat' dir='ltr'>refractis</span> <span class='ocrx_word' id='word_1_196' title='bbox 1420 2146 1624 2205; x_wconf 88' lang='lat' dir='ltr'>foribus,</span> 
     </span>
     <span class='ocr_line' id='line_1_29' title="bbox 342 2223 1625 2291; baseline -0.004 -19"><span class='ocrx_word' id='word_1_197' title='bbox 342 2244 510 2289; x_wconf 87' lang='lat' dir='ltr'>paucos</span> <span class='ocrx_word' id='word_1_198' title='bbox 540 2245 695 2291; x_wconf 84' lang='lat' dir='ltr'>graves</span> <span class='ocrx_word' id='word_1_199' title='bbox 723 2240 847 2274; x_wconf 85' lang='lat' dir='ltr'>aetate</span> <span class='ocrx_word' id='word_1_200' title='bbox 877 2239 952 2274; x_wconf 91' lang='lat' dir='ltr'>aut</span> <span class='ocrx_word' id='word_1_201' title='bbox 983 2226 1213 2273; x_wconf 85' lang='lat' dir='ltr'>invalidos</span> <span class='ocrx_word' id='word_1_202' title='bbox 1250 2223 1521 2280; x_wconf 85' lang='lat' dir='ltr'>inveniunt,</span> <span class='ocrx_word' id='word_1_203' title='bbox 1549 2238 1625 2268; x_wconf 88' lang='lat' dir='ltr'>re·-</span> 
     </span>
     <span class='ocr_line' id='line_1_30' title="bbox 342 2295 1624 2362; baseline -0.003 -17"><span class='ocrx_word' id='word_1_204' title='bbox 342 2300 558 2362; x_wconf 70' lang='lat' dir='ltr'>liclaque,</span> <span class='ocrx_word' id='word_1_205' title='bbox 589 2317 686 2362; x_wconf 79' lang='lat' dir='ltr'>quae</span> <span class='ocrx_word' id='word_1_206' title='bbox 713 2301 903 2362; x_wconf 82' lang='lat' dir='ltr'>migratu</span> <span class='ocrx_word' id='word_1_207' title='bbox 933 2298 1126 2345; x_wconf 86' lang='lat' dir='ltr'>difficilia</span> <span class='ocrx_word' id='word_1_208' title='bbox 1151 2296 1301 2343; x_wconf 69' lang='lat' dir='ltr'>efl&#39;ent.</span> <span class='ocrx_word' id='word_1_209' title='bbox 1335 2297 1398 2341; x_wconf 88' lang='lat' dir='ltr'>Ea</span> <span class='ocrx_word' id='word_1_210' title='bbox 1423 2295 1624 2356; x_wconf 82' lang='lat' dir='ltr'>direpta3</span> 
     </span>
     <span class='ocr_line' id='line_1_31' title="bbox 345 2366 1628 2435; baseline -0.005 -17"><span class='ocrx_word' id='word_1_211' title='bbox 345 2374 395 2418; x_wconf 71' lang='grc' dir='ltr'>ὅ(</span> <span class='ocrx_word' id='word_1_212' title='bbox 417 2373 648 2435; x_wconf 84' lang='lat' dir='ltr'>cognitum</span> <span class='ocrx_word' id='word_1_213' title='bbox 678 2389 730 2417; x_wconf 86' lang='lat' dir='ltr'>ex</span> <span class='ocrx_word' id='word_1_214' title='bbox 754 2372 944 2434; x_wconf 82' lang='lat' dir='ltr'>captivis</span> <span class='ocrx_word' id='word_1_215' title='bbox 965 2372 1025 2417; x_wconf 88' lang='lat' dir='ltr'>est</span> <span class='ocrx_word' id='word_1_216' title='bbox 1044 2407 1057 2428; x_wconf 80' lang='grc'><em>,</em></span> <span class='ocrx_word' id='word_1_217' title='bbox 1085 2369 1316 2418; x_wconf 87' lang='lat' dir='ltr'>communi</span> <span class='ocrx_word' id='word_1_218' title='bbox 1335 2367 1524 2415; x_wconf 77' lang='lat' dir='ltr'>consilio</span> <span class='ocrx_word' id='word_1_219' title='bbox 1545 2366 1628 2412; x_wconf 87' lang='lat' dir='ltr'>ali-</span> 
     </span>
     <span class='ocr_line' id='line_1_32' title="bbox 345 2437 1625 2508; baseline -0.003 -18"><span class='ocrx_word' id='word_1_220' title='bbox 345 2461 458 2508; x_wconf 91' lang='lat' dir='ltr'>quot</span> <span class='ocrx_word' id='word_1_221' title='bbox 490 2445 606 2492; x_wconf 82' lang='lat' dir='ltr'>circa</span> <span class='ocrx_word' id='word_1_222' title='bbox 635 2445 765 2491; x_wconf 85' lang='lat' dir='ltr'>urbes</span> <span class='ocrx_word' id='word_1_223' title='bbox 798 2444 1010 2508; x_wconf 77' lang='lat' dir='ltr'>consciss&#39;e</span> <span class='ocrx_word' id='word_1_224' title='bbox 1042 2444 1223 2508; x_wconf 81' lang='lat' dir='ltr'>fugam:</span> <span class='ocrx_word' id='word_1_225' title='bbox 1261 2442 1362 2490; x_wconf 80' lang='lat' dir='ltr'>suos</span> <span class='ocrx_word' id='word_1_226' title='bbox 1391 2441 1534 2506; x_wconf 87' lang='lat' dir='ltr'>prima</span> <span class='ocrx_word' id='word_1_227' title='bbox 1554 2437 1625 2488; x_wconf 90' lang='lat' dir='ltr'>vi-</span> 
     </span>
    </p>
   </div>
  </div>
 </body>
</html>
