1701 3008
188 202 778 253 HISTORIARUM
811 201 951 250 LIB.
985 201 1145 249 XXI.
1249 214 1341 263 377

126 314 319 363 XXXII.
351 314 396 361 P.
420 311 661 361 Cornelius
691 310 877 369 consul,
914 310 1067 357 triduo
1098 309 1190 357 fere
1213 308 1346 373 post,

62 405 195 454 quam
219 388 443 436 Hannibal
468 388 523 434 ab
547 386 641 449 ripa
664 382 877 432 Rhodani
909 381 1089 439 movit,
1122 382 1344 445 quadrato

61 463 234 526 agmine
264 462 318 509 ad
351 461 488 510 castra
520 458 715 506 hostium
749 470 966 515 venerat,
1002 454 1174 502 nullam
1209 453 1343 500 dimi-

64 535 195 583 candi
221 551 395 583 moram
416 534 620 581 fassurus.
650 546 874 589 ceterum,
899 528 978 577 ubi
997 527 1165 576 deserta
1193 526 1346 574 muni-

59 621 238 668 menta,
258 626 340 657 nec
360 607 490 655 facile
510 606 551 653 se
569 618 741 653 tantum
767 602 1028 668 praegreffos
1045 601 1346 649 assecuturum

66 682 225 739 videt;
249 684 304 731 ad
335 699 456 730 mare
478 696 530 729 ac
558 695 696 728 naves
719 677 879 736 rediit,
909 675 1048 723 tutius
1082 672 1344 735 faciliusque

62 755 124 802 ita
161 755 443 803 descendenti
476 755 531 801 ab
561 753 751 816 Alpibus
784 748 1026 798 Hannibali
1058 745 1344 795 occursurus.

62 828 135 874 Ne
167 840 316 876 tamen
353 828 475 876 nuda
507 827 686 875 auxiliis
717 826 935 873 Romanis
966 821 1180 886 Hispania
1207 820 1346 878 esset,

63 918 198 966 quam
217 901 503 965 provinciam
521 900 701 947 sortitus
729 911 850 958 erat,
873 899 961 945 Cn.
979 896 1241 960 Scipionem
1257 892 1345 939 fra-

61 985 178 1022 trem
205 993 307 1023 cum
342 976 535 1023 maxima
563 987 689 1038 parte
718 973 952 1037 copiarum
981 969 1196 1020 adversus
1229 967 1346 1015 Has-

63 1047 296 1095 drubalem
322 1048 467 1105 mifit3
497 1065 594 1096 non
623 1047 680 1094 ad
703 1046 897 1096 tuendos
926 1042 1241 1093 tantummodo
1262 1057 1346 1087 ve-

64 1136 180 1171 teres
208 1123 356 1172 socios
387 1122 786 1187 conciliandosque
811 1136 966 1168 novos
983 1156 999 1179 ,
1031 1116 1105 1166 sed
1125 1115 1259 1164 etiarn
1288 1113 1345 1162 ad

62 1198 322 1262 pellendum
342 1196 554 1261 Hispania
574 1195 908 1245 Hasdrubalem.
943 1192 1036 1257 ipse
1061 1207 1166 1240 cum
1187 1190 1344 1236 admo-

65 1273 171 1319 dum
203 1272 377 1336 exiguis
403 1271 549 1335 copiis
568 1272 772 1318 Genuam
790 1268 981 1333 repetit,
1011 1283 1096 1326 eo,
1125 1264 1204 1329 qui
1223 1263 1344 1310 circa

65 1344 234 1390 Padum
256 1353 376 1402 erat,
402 1343 604 1390 exercitu
629 1342 797 1390 Italiam
816 1339 1092 1388 defensurus.
1118 1336 1345 1384 Hannibal

64 1417 121 1464 ab
149 1416 372 1463 Druentia
403 1415 636 1479 campestri
667 1415 861 1462 maxime
896 1413 1054 1461 itinere
1089 1427 1193 1458 cum
1221 1409 1346 1455 bona

65 1507 175 1553 pace
198 1490 252 1537 ad
279 1489 414 1553 Alpes
443 1489 741 1537 incolentium
768 1504 819 1534 ea
845 1486 948 1532 loca
968 1483 1211 1531 Gallorum
1239 1497 1345 1544 per-

64 1561 206 1610 venit.
240 1563 392 1619 Tum,
427 1579 684 1627 quanquam
720 1560 833 1608 fama
865 1557 988 1622 prius
1023 1556 1141 1620 (qua
1173 1554 1346 1602 incerta

65 1634 115 1681 in
142 1633 280 1696 majus
303 1652 416 1683 vero
439 1634 545 1681 ferri
575 1632 752 1696 solent)
782 1642 1003 1696 praecepta
1032 1644 1102 1674 res
1134 1639 1252 1685 erat,
1279 1635 1344 1672 ta-

67 1724 171 1754 men
193 1724 248 1754 ex
275 1708 538 1771 propinquo
569 1706 659 1754 visa
686 1705 909 1753 montium
942 1701 1162 1759 altitudo,
1198 1698 1346 1747 nives-

66 1795 156 1842 que
185 1780 306 1826 coelo
335 1796 479 1843 prope
499 1778 743 1837 immixtae,
763 1778 874 1824 teila
896 1774 1109 1823 informia
1139 1772 1346 1836 imposita

68 1852 283 1915 rupibus,
314 1869 480 1914 pecora
506 1851 795 1915 jumentaque
823 1849 995 1902 torrida
1027 1847 1221 1911 frigore,
1254 1846 1345 1892 ho-

68 1924 210 1970 mines
231 1925 397 1971 intonsi
416 1926 466 1973 &
483 1925 675 1984 inculti,
702 1923 908 1971 animalia
942 1920 1224 1983 inanimaque
1244 1934 1343 1965 om-

70 1996 142 2043 nia
163 1996 352 2060 rigentia
373 1996 502 2061 gelu,
530 2008 674 2044 cetera
702 1996 797 2045 visu
816 2032 830 2055 ,
853 2012 983 2061 quam
1013 1993 1153 2051 distu,
1176 1990 1343 2038 foedio-

69 2086 144 2127 ra,
181 2080 398 2115 terrorem
434 2082 725 2119 renovarunt.
770 2067 1053 2133 Erigentibus
1091 2065 1137 2111 in
1170 2064 1344 2129 primos

70 2158 229 2204 agmen
258 2141 405 2190 clivos
426 2154 725 2205 apparuerunt
756 2141 1038 2188 imminentes
1058 2137 1257 2185 tumulos
1276 2136 1342 2183 in·

70 2214 257 2262 sidentes
288 2216 520 2262 montani:
549 2216 656 2279 qui,
689 2215 721 2261 si
746 2214 884 2261 valles
917 2211 1191 2261 occultiores
1225 2209 1342 2257 inse-

71 2285 259 2346 dissent,
284 2290 433 2337 coorti
464 2289 509 2335 in
539 2306 729 2353 pugnam
764 2300 946 2352 repente
966 2323 979 2346 ,
1008 2286 1232 2350 ingentem
1269 2284 1341 2330 fu-

70 2374 168 2419 gam
185 2357 457 2425 stragemque
478 2361 702 2408 dedissent.
722 2360 945 2408 Hannibal
965 2358 1200 2406 consistere
1222 2356 1342 2420 signa

73 2429 219 2489 juben
253 2433 482 2497 Gallisque
504 2434 558 2481 ad
582 2434 766 2481 visenda
797 2433 899 2480 loca
927 2431 1182 2496 prcemiffis,
1214 2429 1340 2492 post-

73 2521 203 2566 quam
225 2508 466 2568 comperit,
488 2508 714 2556 transitum
739 2524 789 2555 ea
808 2525 903 2557 non
923 2505 1033 2564 effe,
1059 2504 1196 2550 castra
1223 2503 1340 2548 inter
