1701 3008
397 71 407 89 ἱ

347 175 407 218 «4
692 156 1250 204 T1T1L1V11

341 265 524 314 tradunt
552 262 782 311 differendi
809 261 889 308 fibi
931 261 1185 310 consulatus
1215 262 1261 309 in
1291 262 1620 314 bellicosiorem

340 356 536 386 annum:
553 354 609 384 eo
629 352 749 383 anno
768 334 928 398 maiori
947 335 988 382 se
1005 335 1101 382 usui
1120 335 1376 399 reipublicae
1392 338 1488 386 fore
1505 374 1519 397 ‚
1540 357 1619 386 ur-

339 414 464 462 bano
491 409 611 474 gesto
636 408 903 472 magistratu.
935 408 997 455 ita
1018 425 1101 457 nec
1119 406 1457 458 dissimulantem
1474 448 1489 471 ,
1510 412 1619 475 quid

338 483 492 533 :mallet
507 517 520 540 ‚
548 498 632 528 nec
650 492 874 543 petentem
895 492 1044 527 tamen
1057 517 1075 542 ,
1108 481 1279 527 aedilem
1298 483 1494 530 curulem
1513 501 1614 532 cum

339 561 390 606 L.
416 555 596 618 Papirio
629 553 825 600 Cursore
853 552 1030 600 fastum.
1059 554 1107 601 Id
1137 571 1192 601 ne
1215 571 1299 618 pro
1324 568 1449 603 certo
1470 573 1615 619 pone-

337 647 433 678 rem
446 665 461 688 ‚
487 627 705 676 vetustior
724 626 951 675 annalium
977 628 1130 675 auctor
1147 628 1247 675 Piso
1267 629 1438 685 effecit3
1461 626 1538 693 qui
1558 647 1614 678 eo

336 719 461 751 anno
483 701 632 749 aediles
653 700 826 749 curules
853 700 977 748 fuisse
1008 702 1141 749 tradit
1169 704 1222 750 C.
1246 703 1504 750 Domitium
1527 705 1614 751 Cn.

336 779 386 830 F,
403 775 643 824 Calvinum
658 809 671 832 ‚
686 776 735 821 &
755 775 829 836 Sp.
850 774 1102 821 Carvilium
1115 768 1181 835 Q.
1205 778 1249 821 F.
1265 776 1532 824 Maximum.
1566 777 1614 823 ld

338 850 477 897 credo
509 863 766 911 cognomen
801 863 999 893 errorem
1032 846 1079 892 in
1109 846 1307 895 aedilibus
1336 847 1511 895 feciffe:
1546 849 1613 896 se·-

337 936 574 985 cutamque
593 920 788 967 fabulam
813 919 996 967 mixtam
1026 938 1082 967 ex
1108 920 1305 969 aediliciis
1330 922 1380 971 &
1402 921 1608 969 consula-

336 996 461 1044 ribus
493 993 721 1052 comiti-is,
753 992 1101 1042 convenientem
1137 995 1293 1042 errori.
1332 997 1388 1042 Et
1424 995 1609 1043 lustrum

335 1087 395 1117 eo
420 1086 540 1116 anno
557 1068 792 1116 conditum
810 1086 834 1115 a
853 1069 898 1115 P.
915 1068 1185 1132 Sempronio
1205 1069 1359 1133 Sopho
1378 1071 1428 1118 ὅ(
1449 1070 1611 1117 P.Sul-

332 1142 460 1206 picio
474 1139 744 1188 Saverrione
765 1139 1043 1190 censoribus:
1063 1140 1286 1205 tribusque
1305 1143 1465 1190 additae
1486 1143 1609 1203 duae,

332 1213 539 1263 Aniensis
559 1230 610 1260 ac
626 1212 883 1260 Terentina.
918 1214 1026 1260 Haec
1044 1214 1203 1260 Romae
1225 1212 1355 1278 gesta.

398 1290 458 1336 X.
492 1289 706 1335 Ceterum
734 1288 791 1334 ad
818 1288 1079 1351 Nequinum
1101 1287 1328 1351 oppidum
1359 1306 1460 1336 cum
1487 1289 1607 1355 segni

330 1360 567 1408 obsidione
584 1370 757 1422 tempus
775 1370 1018 1419 tereretur,
1032 1361 1124 1407 duo
1143 1377 1200 1407 ex
1220 1361 1478 1424 oppidanis,
1492 1380 1607 1427 quo-

328 1452 431 1482 rum
451 1445 576 1480 erant
597 1431 782 1481 aedificia
800 1432 946 1495 junE'oen
967 1451 1097 1481 muro
1113 1471 1129 1492 ,
1149 1435 1280 1498 specu
1307 1434 1423 1481 fa&o
1449 1437 1504 1483 ad
1523 1437 1606 1484 sta-

329 1507 478 1553 tiones
508 1506 732 1552 Romanas
762 1505 920 1552 itinere
958 1506 1142 1552 occulto
1170 1507 1466 1569 perveniunt:
1499 1507 1604 1555 inde

328 1581 386 1628 ad
417 1580 643 1627 consulem
668 1579 871 1638 deduffi‚
895 1580 1144 1642 praefidium
1177 1592 1393 1628 armatum
1417 1581 1459 1628 se
1489 1582 1605 1630 intra

327 1653 556 1701 moenia&
570 1668 724 1698 muros
750 1664 1012 1714 accepturos
1033 1651 1316 1700 confirmant.
1337 1654 1434 1701 Nec
1458 1654 1605 1718 asper·

325 1727 473 1771 nanda
497 1741 565 1771 res
590 1724 683 1773 visa
700 1760 715 1783 ‚
738 1741 882 1788 neque
911 1725 1086 1772 incaute
1124 1726 1356 1773 credenda.
1399 1743 1503 1773 cum
1533 1728 1601 1774 al-

324 1810 427 1844 tero
463 1815 621 1845 eorum
659 1797 792 1862 (nam
823 1798 933 1845 alter
964 1799 1090 1846 obses
1123 1801 1353 1863 retentus)
1389 1801 1481 1849 duo
1517 1819 1600 1849 ex-

323 1868 577 1931 ploratores
596 1886 673 1932 per
690 1869 945 1918 cuniculum
962 1870 1101 1917 miffi:
1124 1888 1204 1933 per
1223 1889 1337 1936 quos
1360 1873 1458 1920 satis
1478 1891 1601 1922 com-

323 1952 448 2002 perta
471 1957 517 1987 re
533 1978 548 1999 ,
568 1942 756 1988 trecenti
775 1942 960 2000 armati,
991 1942 1215 2006 transfuga
1244 1945 1357 1992 duce
1375 1943 1426 1992 in*
1441 1948 1598 1994 urbem

322 2013 498 2078 ingreffi
515 2050 529 2071 ,
558 2016 688 2061 noete
706 2027 912 2078 portam,
932 2032 1033 2078 quae
1054 2017 1260 2079 proxima
1285 2031 1401 2078 erat,
1423 2036 1594 2083 cepere.

320 2105 410 2151 qua
445 2088 654 2144 resrafta,
705 2088 862 2138 consul
898 2089 1204 2153 exercitusque
1242 2092 1473 2138 Romanus
1506 2092 1597 2140 fine

321 2161 563 2208 certamine
589 2162 747 2209 urbem
767 2161 982 2210 invasere.
1014 2165 1075 2209 Ita
1093 2165 1353 2227 Nequinum
1376 2164 1423 2210 in
1456 2165 1594 2212 ditio-

319 2250 422 2279 nem
455 2233 613 2296 populi
646 2234 843 2280 Romani
879 2235 1019 2282 venit.
1058 2235 1256 2282 Colonia
1288 2253 1345 2282 eo
1385 2236 1592 2284 adversus

318 2306 518 2352 Umbros
550 2306 699 2364 miffa,
731 2324 755 2352 a
777 2307 959 2354 flumine
987 2308 1156 2356 Narnia
1179 2309 1423 2376 appellata:
1461 2327 1591 2357 exer-

316 2377 433 2424 citus
457 2395 556 2425 cum
587 2396 745 2443 magna
776 2382 922 2442 praeda
949 2383 1141 2429 Romam
1169 2383 1385 2431 reduetus.
1417 2384 1588 2430 Eodem

315 2465 437 2497 anno
454 2451 510 2499 ab
528 2452 722 2501 Etruscis
740 2453 951 2503 adversus
968 2455 1166 2505 inducias
1184 2468 1387 2521 paratum
1406 2457 1587 2505 bellum.
