1701 3008
1305 187 1398 241 233,

194 365 617 427 JOANNIS
683 358 1332 421 FREINSHEMII

125 503 1400 595 SUPPLEMENTORUM

285 672 1244 751 LIVIANORUM

503 837 540 884 L
572 838 590 883 1
624 837 657 882 B
693 838 729 882 E
763 835 806 881 R
869 835 1037 880 VIII.

242 966 311 1007 IN
352 963 584 1005 LOCUM
612 963 725 1004 LIB.
766 960 962 1002 XVIII
999 955 1279 1000 LIVIANI.

453 1115 1096 1132 -ι----ιι----
1265 1097 1270 1104 ¹

1098 1109 1395 1125 ——fl

498 1227 1027 1287 EPITOME

252 1367 495 1412 LIBRI
549 1364 872 1407 DECI'MI
928 1359 1263 1404 OCTAVI.

136 1508 279 1552 'Atilius
302 1505 459 1558 Regulus
493 1505 571 1544 Cos.
591 1503 629 1541 in
657 1501 785 1554 Africa
805 1499 992 1553 serpentem
1009 1498 1211 1553 portentosae
1236 1495 1406 1548 magnitu-

191 1570 285 1609 dinis
301 1582 375 1607 cum
393 1567 549 1605 maxima
569 1564 716 1603 militum
739 1563 836 1601 clade
855 1562 1005 1607 occidit,
1021 1562 1056 1600 δ’
1071 1573 1144 1598 cum
1167 1559 1303 1611 aliquot
1312 1573 1409 1611 proe-⁵

191 1631 252 1668 liis
278 1628 443 1681 adversus
470 1626 770 1679 Carthaginienses
789 1622 992 1678 pugnaffi’t,
1017 1619 1246 1676 succeffbrque
1269 1621 1299 1658 ei
1317 1621 1411 1672 afi-

192 1704 280 1731 natu
300 1692 454 1744 prospere
478 1688 600 1727 bellum
618 1685 744 1739 gerenti
760 1698 829 1722 non
849 1683 1048 1728 mitteretur,
1063 1680 1103 1718 id
1114 1678 1223 1732 ipficm
1239 1693 1302 1732 per
1320 1678 1410 1716 litte-

190 1768 250 1792 ras
275 1754 324 1791 ad
336 1753 496 1805 senatum
521 1749 640 1801 miffas
666 1747 798 1800 questus
820 1746 873 1798 est.
897 1744 934 1781 in
956 1744 1080 1796 quibus
1095 1743 1184 1779 inter
1207 1740 1330 1792 caufizs
1350 1755 1412 1793 pe-

192 1815 286 1852 1endi
310 1812 507 1866 fitcceffim's
530 1823 624 1858 erat,
651 1810 744 1862 quod
769 1806 905 1859 agellus
927 1804 1004 1858 ejus
1027 1820 1049 1842 a
1069 1802 1284 1841 mercenariis
1305 1803 1411 1855 defir-

192 1891 251 1915 ιω
271 1875 359 1927 effift.
379 1877 559 1926 Quaerente
574 1873 691 1911 deinde
707 1869 873 1923 fortuna,
902 1880 940 1906 ut
953 1880 1112 1920 magnum
1127 1863 1299 1916 utriufipie
1313 1862 1415 1914 cafits

192 1938 384 1990 exemplum
408 1937 444 1973 in
471 1935 604 1988 Regulo
627 1933 848 1986 proderetur,
868 1928 1016 1979 arceffi'to
1034 1943 1056 1964 a
1075 1924 1415 1977 Carthaginienfibus

194 1998 401 2049 Xanthippo
431 1995 761 2034 Lacedaemoniorum
792 1994 901 2039 duce,
924 1991 1035 2029 vietus
1059 1987 1204 2041 proelio,
1230 1986 1265 2024 δ’
1292 1997 1415 2039 captus

195 2063 252 2114 est.
295 2063 367 2099 Res
394 2059 516 2096 deinde
541 2073 563 2096 a
588 2058 731 2095 ducibus
763 2055 934 2094 Romanis
960 2052 1118 2091 omnibus
1146 2062 1234 2088 terra
1265 2049 1416 2100 marique

192 2121 348 2174 prospcre
361 2120 471 2172 gestas
484 2117 712 2170 deformavere
728 2115 919 2168 naufragia
934 2112 1094 2163 claffium.
1113 2112 1163 2150 Ti.
1180 2108 1418 2150 Coruncanius

191 2184 325 2234 primus
353 2195 397 2219 ex
419 2181 517 2233 plebe
527 2177 690 2233 pontifex
706 2178 879 2215 maximus
894 2187 1028 2214 creatus
1053 2175 1106 2225 est.
1132 2173 1177 2210 P.
1196 2169 1419 2222 Sempronius

196 2244 337 2294 Sophus
351 2270 364 2290 ‚
379 2242 450 2283 M’.
481 2242 642 2280 Valerius
658 2240 846 2278 Maximus
869 2237 1019 2289 cenfhres
1032 2267 1043 2283 ‚
1059 2249 1132 2273 cum
1147 2235 1306 2287 senatum
1331 2231 1419 2285 lege-

197 2318 283 2353 rent,
299 2305 453 2343 tredecim
466 2306 590 2358 senatu
605 2313 792 2340 moverunt.
813 2302 948 2353 lustrum
968 2299 1192 2338 condiderunt
1204 2326 1216 2342 ‚
1237 2309 1302 2348 quo
1318 2293 1418 2345 cenfz

192 2371 278 2421 sunt
303 2370 428 2408 civium
453 2369 570 2419 capita
598 2365 806 2407 CCXCVII
821 2363 933 2402 millia
948 2393 959 2411 ,
979 2358 1242 2400 DCCXCVII.
1264 2355 1419 2408 Regulus

200 2431 246 2481 m(
265 2446 316 2468 ἰω
330 2446 351 2467 a
367 2426 701 2482 Carthaginienstbus
716 2429 765 2466 ad
772 2427 932 2479 senatum
944 2456 956 2472 ‚
972 2437 1009 2463 ut
1033 2425 1073 2462 de
1091 2437 1177 2476 pace
1194 2453 1204 2471 ,
1218 2423 1252 2460 ὁ·
1266 2453 1276 2468 ,
1291 2423 1328 2473 fi
1344 2434 1417 2458 eam

198 2507 264 2531 non
279 2490 390 2545 poſjet
404 2491 580 2545 impetrare
596 2521 608 2540 ,
629 2493 669 2528 de
682 2489 836 2545 captivis
861 2486 1110 2527 commutandis
1127 2495 1241 2538 ageret
1249 2484 1310 2531 ,ἃ
1325 2481 1417 2534 jure-
