1701 3008
213 224 815 275 msTomARUM
861 223 993 270 Lm.
1038 222 1100 271 x.
1266 222 1337 286 59*

37 347 88 387 ut
108 353 162 384 ex
182 347 306 384 tanta
324 333 626 399 trepidatione
640 369 657 392 ,
676 332 932 380 Bovianum
956 343 1229 395 perventum
1253 333 1335 380 est,

102 412 267 459 XLIV.
287 409 509 456 Laetitiam
527 406 756 470 utriusque
785 406 1012 453 exercitus
1033 405 1231 453 Romani
1251 424 1330 454 au-

7 546 10 552 *
38 482 109 531 xit
144 485 196 531 &
226 482 283 529 ab
313 482 449 529 altera
479 491 605 544 parte
637 477 829 525 feliciter
862 477 986 542 gesta*
1010 494 1095 526 res.
1140 491 1340 542 uterque

37 575 97 605 ex
121 556 304 605 alterius
333 553 552 603 sententia
581 551 740 601 consul
765 564 946 615 captum
973 551 1194 614 oppidum
1226 552 1332 598 diri-

39 630 257 694 piendum
275 628 408 676 militi
431 627 553 674 dedit
568 630 584 683 v;
610 624 833 673 exhaustis
853 625 1015 672 deirlde
1040 625 1165 672 testis
1184 625 1334 689 ignem

41 702 223 764 injecit:
252 701 505 765 eodemque
528 700 601 747 die
629 697 877 763 Aquilonia
897 698 948 745 &
966 697 1233 745 Cominium
1256 699 1336 745 de-

41 776 304 841 flagravere.
344 777 395 822 &
430 773 638 822 consules
663 809 677 831 ,
708 790 811 821 cum
847 771 1147 836 gratulatione
1177 784 1333 818 mutua

41 849 278 913 legionum
312 847 505 912 suaque,
535 847 669 894 castra
694 843 988 906 conjunxere.
1024 846 1072 891 In
1093 843 1334 907 conspefilu

42 923 241 971 duorum
262 920 544 969 exercituum
568 920 620 968 &
644 916 877 966 Carvilius
897 916 998 964 suos
1015 933 1101 980 pro
1124 915 1334 980 cujusque

44 995 212 1043 merito
253 994 456 1043 laudavit
499 991 816 1054 donavitque;
859 990 911 1037 &
946 988 1179 1053 Papirius,
1215 988 1337 1052 apud

43 1084 183 1131 quem
210 1068 450 1132 multiplex
468 1067 515 1114 in
536 1065 631 1114 acie
646 1101 660 1122 ‚
682 1065 802 1120 circa
824 1062 987 1120 castra,
1008 1062 1128 1110 circa
1151 1063 1335 1122 urbem,

44 1141 188 1190 fuerat
217 1155 470 1201 certamen,
498 1143 572 1204 sp.
594 1138 843 1196 Nautium,
870 1138 944 1200 Sp.
968 1135 1218 1199 Papirium,
1244 1134 1335 1182 fra-

46 1216 127 1263 tris
165 1215 310 1263 filium
329 1251 343 1274 ,
370 1216 422 1262 &
452 1227 653 1279 quatuor
685 1210 1002 1267 centuriones,
1029 1207 1336 1272 manipulum-

47 1305 135 1352 que
171 1289 449 1337 hastatorum
467 1323 481 1346 ‚
507 1286 691 1335 armillis
717 1283 953 1348 aureisque
979 1281 1163 1329 coronis
1191 1282 1337 1329 dona·

46 1363 153 1411 vit:
192 1359 412 1409 Nautium
446 1372 634 1426 propter
670 1357 1040 1422 expeditionem,
1068 1371 1154 1418 qua
1186 1352 1337 1417 magni

47 1438 236 1503 agminis
253 1438 395 1486 modo
415 1446 636 1484 terruerat
655 1432 805 1481 hostes
828 1448 839 1477 ι
865 1431 1079 1494 juvenem
1107 1426 1336 1490 Papirium

47 1524 237 1576 propter
268 1523 476 1559 navatam
504 1525 607 1556 cum
639 1504 846 1571 equitatu
873 1504 923 1551 &
948 1501 995 1548 in
1023 1500 1190 1564 proelio
1223 1516 1337 1563 ope-

46 1602 144 1634 ram
160 1624 174 1644 ‚
204 1590 255 1635 &
284 1587 445 1645 noste,
466 1601 553 1648 qua
581 1582 730 1646 sugam
758 1577 959 1626 infestam
985 1573 1257 1621 Samnitibus
1282 1573 1341 1619 ab

48 1660 298 1725 Aquilonia
327 1659 442 1707 clam
475 1656 651 1720 egressis
678 1652 813 1701 fecit:
844 1648 1133 1699 centuriones
1157 1645 1338 1693 milites-

47 1751 161 1797 que,
184 1733 288 1798 quia
322 1731 457 1796 primi
490 1741 668 1794 portam
700 1739 967 1787 murumque
987 1720 1245 1784 Aquiloniae
1267 1736 1339 1766 ce-

48 1818 220 1869 per-ant.
268 1805 440 1870 equites
475 1818 674 1860 omnes,
707 1799 770 1847 ob
811 1796 1031 1860 insignem
1069 1793 1220 1840 multis
1261 1792 1338 1839 lo-

51 1881 114 1927 cis·
140 1896 354 1942 operam,
374 1875 622 1926 corniculis
643 1871 912 1935 armillisque
940 1867 1159 1932 argenteis
1185 1867 1340 1914 donat.

52 1955 301 2002 Confilium
326 1953 430 2000 inde
458 1950 663 1999 habitum
678 1986 691 2009 ,
714 1964 815 1996 cum
836 1945 924 2008 jam
946 1955 1123 2005 tempus
1143 1941 1246 1988 effet
1267 1941 1345 1987 de·

51 2028 244 2078 ducendi
282 2027 337 2074 ab
368 2025 552 2073 Samnio
585 2021 836 2079 exercitus,
864 2030 938 2065 aut
970 2014 1195 2078 utriusque
1216 2049 1231 2071 ,
1264 2025 1342 2059 aut

53 2115 170 2151 certe
199 2102 394 2150 alterius.
437 2099 676 2162 Optimum
703 2095 848 2144 visum
866 2129 878 2150 ‚
909 2108 1002 2156 quo
1025 2089 1162 2153 magis
1193 2087 1342 2134 fraClae

54 2191 124 2222 res
159 2169 424 2220 Samnitium
458 2171 627 2226 essent,
659 2183 716 2214 eo
751 2162 1024 2228 pertinacius
1060 2163 1109 2208 &
1143 2159 1343 2207 infestius

56 2264 184 2311 agere
209 2258 355 2293 cetera
385 2246 434 2291 &
455 2241 684 2307 persequi:
714 2251 764 2285 ut
786 2235 1091 2300 perdomitum
1113 2233 1343 2280 Samnium

55 2319 389 2382 insequentibus
415 2315 674 2364 consulibus
695 2311 806 2359 tradi
832 2309 990 2373 posset.
1030 2307 1232 2368 Quando
1259 2304 1346 2366 jam

4 2445 6 2447 ,
56 2392 204 2438 nullus
234 2392 339 2438 esset
370 2389 567 2437 hostium
600 2384 853 2440 exercitus,
886 2382 965 2446 qui
999 2378 1132 2443 signis
1168 2376 1346 2426 collatis

51 2463 347 2511 dimicaturus
372 2462 630 2517 videretur,
651 2476 789 2505 unum
815 2455 1030 2519 superesse
1053 2451 1156 2499 belli
1185 2464 1349 2511 genus„

60 2537 237 2584 urbium
273 2535 672 2601 oppugnatione53
699 2548 887 2598 quarum
914 2547 994 2594 per
1025 2524 1198 2573 excidia
1227 2521 1351 2567 mili-

996 2599 1033 2640 Ε
1070 2611 1087 2639 2
