1701 3008
305 194 389 242 IN
433 191 1114 242 LOC.Ltss.x1L1v.
1289 190 1348 254 89

55 307 145 351 vina
170 302 417 352 consulibus3
441 303 581 342 deinde
604 304 784 353 proximo
817 313 942 348 anm,
970 312 1061 340 cum
1085 298 1142 340 M.
1164 297 1351 340 Claudius

57 366 268 410 Marcellus
285 397 297 415 ,
325 366 366 406 C.
384 367 551 406 Nautius
578 365 728 405 Rutilus
757 365 1017 414 magistratum
1038 371 1234 414 gererent,
1266 374 1355 399 ma-

61 432 159 483 jores
186 429 384 480 aliquanto
411 436 539 468 motus
563 428 802 467 exstiterunt.
821 427 868 466 ad
892 439 986 476 quos
1008 423 1323 474 comprimendos
1339 446 1352 467 ,

59 494 182 544 magis
209 504 323 543 quam
356 489 471 530 ullius
497 488 653 528 alterius
680 489 826 538 negotii
857 487 993 526 bellive
1025 485 1156 531 causa,
1188 485 1355 523 dictato·-

61 568 143 595 rem
159 554 271 594 fuisse
297 555 446 593 diftum
469 551 683 592 existimem
706 551 873 601 Appium
891 549 1098 590 Claudium
1113 578 1124 595 ,
1146 548 1212 597 qui
1244 547 1357 584 dein-

62 619 113 658 de
150 619 282 658 Caeeus
308 616 360 655 est
391 615 718 665 cognominatus,
748 625 864 664 quem
894 612 1123 652 dictatorem
1156 609 1288 657 fuisse,
1316 609 1355 648 in

65 682 237 732 antiquis
263 679 526 719 monumentis
559 677 723 728 reperio.

115 744 262 786 Xle.
279 743 377 783 Sane
394 749 529 793 praeter
543 740 793 780 acerbitatem
809 736 1032 789 iniquiffimi
1049 737 1222 783 foenoris,
1239 736 1358 774 etiam

65 807 213 849 nefaria
241 806 282 845 C.
301 803 416 844 Plotii
437 804 586 853 libido,
603 803 709 854 aegris
725 805 804 853 jam
824 801 1030 842 hominum
1052 800 1190 840 animis
1205 830 1215 847 ‚
1243 810 1284 838 ut
1305 800 1358 837 ci-

67 874 144 912 tius
171 879 286 920 atque
308 867 575 909 vehementius
600 866 913 912 exardescerent,
932 864 1098 914 subjecit
1117 864 1231 903 faces.
1258 864 1362 902 Huic

71 934 118 975 T.
147 933 348 980 Veturius,
371 930 474 971 filius
508 932 590 979 ejus
617 929 790 977 Veturii,
815 929 881 978 qui
909 926 1043 967 consul
1076 926 1126 966 ob
1155 936 1265 975 turpe
1294 926 1364 962 frc-

73 998 144 1037 dus
172 996 405 1038 Samnitium
441 992 588 1046 populo
620 992 776 1032 deditus
806 991 957 1038 fuerat,
981 1002 1071 1028 cum
1095 989 1145 1028 ob
1170 987 1366 1027 calamita-

70 1069 150 1101 tem
183 1059 432 1099 domesticam
459 1057 508 1097 ad
538 1069 588 1096 aes
614 1054 785 1095 alienum
817 1051 1039 1105 compulsus
1069 1050 1253 1090 solvendo
1287 1061 1367 1087 non

72 1124 189 1173 esset,
215 1125 256 1164 in
279 1136 423 1163 nexum
450 1121 488 1161 se
513 1120 667 1160 dedidit
694 1117 858 1164 lubens,
886 1116 1093 1165 omniaque
1121 1111 1270 1152 servilia
1297 1112 1368 1151 mi-

71 1187 225 1229 nisteria
248 1187 441 1237 patienter
462 1182 664 1225 exsecutus
688 1179 750 1219 est.
776 1178 919 1219 Plotius
940 1174 1272 1217 adolescentulum
1294 1174 1369 1213 for-

75 1260 138 1288 ma
165 1246 343 1294 liberali,
373 1258 422 1285 ex
446 1257 583 1295 magna
608 1242 673 1294 spe
697 1240 908 1281 consularis
937 1237 1123 1284 familiae,
1150 1236 1200 1276 ad
1226 1235 1367 1275 infimae

79 1312 241 1351 fortunae
275 1310 404 1351 sordes
447 1307 662 1360 depressiss'e
692 1319 771 1345 non
807 1310 1035 1350 contentus,
1069 1302 1187 1340 etiam
1217 1298 1371 1350 pudici·

75 1377 171 1415 tiam
197 1383 426 1423 extorquere
454 1371 639 1419 instituit,
670 1370 734 1408 cui
758 1369 836 1418 jam
865 1369 900 1407 &
924 1379 1004 1405 rem
1027 1363 1259 1404 familiarem
1286 1373 1369 1399 om-

76 1450 189 1485 nem,
207 1438 243 1476 ἃ
259 1436 477 1476 libertatem
494 1432 616 1485 ipsam
639 1434 838 1482 eripuerat.
861 1429 1013 1469 Deinde
1032 1427 1231 1466 Veturium
1248 1423 1372 1474 asper-

78 1509 235 1542 nantem
251 1531 260 1544 ἦ
284 1500 318 1539 ἃ
342 1498 496 1549 quidvis
521 1498 649 1547 potius
674 1508 789 1546 quarn
813 1502 964 1535 tantum
988 1490 1178 1542 flagitium
1204 1487 1283 1539 pati
1308 1499 1372 1537 pa-

31 1611 34 1613 ¹
81 1572 231 1610 ratum,
257 1560 484 1601 verberibus
515 1557 782 1598 erudelissimis
812 1555 980 1596 lacerat:
1014 1552 1080 1593 ille
1107 1553 1147 1590 in
1171 1548 1374 1601 publicum

82 1623 120 1663 se
142 1624 380 1676 proripiens,
406 1624 442 1662 ἃ
464 1622 511 1661 ad
537 1619 739 1660 consulum
765 1615 935 1659 tribunal
961 1615 1008 1655 ab
1033 1620 1256 1654 accurrente
1278 1607 1375 1648 mul-

82 1688 253 1729 titudine
271 1687 459 1728 deduenis
473 1716 485 1731 ,
509 1686 550 1723 de
571 1683 785 1723 intolerabili
801 1681 1002 1727 crudelitate
1017 1677 1053 1716 δ’
1067 1677 1212 1714 libidine
1226 1673 1377 1711 credite-

84 1754 133 1791 ris
163 1752 331 1803 queritur
353 1765 363 1791 ε
391 1753 426 1791 &
451 1749 690 1801 apparebant
712 1746 859 1787 vibices
873 1778 884 1792 ‚
905 1744 1182 1791 verberumque
1205 1746 1377 1776 recentes

85 1825 199 1855 notae.
235 1813 422 1856 Consules
440 1815 558 1867 igitur
577 1825 654 1852 rem
673 1824 750 1851 non
771 1808 1041 1861 negligendam
1057 1806 1145 1852 rati,
1162 1803 1210 1842 de
1222 1814 1266 1840 ea
1279 1810 1379 1839 retu-

87 1876 212 1916 lerunt
234 1878 281 1916 ad
304 1878 486 1917 Senatum
505 1891 513 1917 :
538 1873 726 1925 cli-{iisque
748 1871 944 1912 sententiis
963 1868 1106 1910 Plotius
1125 1868 1165 1904 in
1186 1875 1380 1902 carcerem

89 1941 178 1980 duci
203 1938 320 1989 jussus
336 1952 345 1978 ε
365 1937 574 1989 omnesque
593 1950 659 1988 per
677 1946 800 1976 totam
816 1934 975 1980 Urbem,
993 1937 1182 1982 quotquot
1195 1929 1277 1967 aeris
1291 1926 1381 1965 alie-

88 2002 129 2042 ni
145 2000 255 2041 causa
271 2001 362 2040 nexi
389 2009 520 2049 erant,
541 1999 627 2050 lege
651 1999 700 2039 de
722 2011 769 2038 eo
786 1995 942 2047 negotio
963 1993 1039 2033 lata
1053 2024 1063 2040 ‚
1080 1991 1229 2031 liberati
1255 1989 1352 2028 sunt.

145 2063 274 2104 XXV.
304 2063 395 2104 Non
421 2057 503 2101 su‘rn
526 2061 675 2101 nescius
692 2091 703 2108 ,
729 2073 798 2110 pro
826 2059 871 2098 T.
904 2056 1059 2095 Veturio
1090 2053 1138 2093 ab
1172 2052 1258 2092 aliis
1285 2048 1382 2089 Pub..

88 2126 188 2166 lium
220 2124 436 2175 quendam,
461 2122 628 2171 tribuni,
655 2124 719 2173 qui
746 2123 845 2162 inter
869 2119 1052 2161 Caudina:
1077 2117 1182 2168 pacis
1207 2115 1380 2153 auctores

96 2185 250 2231 fuisset,
279 2184 401 2225 filium
423 2184 658 2224 memorari:
689 2183 754 2223 sed
791 2183 825 2222 ὁὶ
852 2194 952 2221 anno
977 2186 1067 2218 ante
1099 2176 1180 2214 haec
1210 2183 1386 2222 tempora.

97 2248 387 2305 quadragesimo
415 2246 646 2287 simillimam
672 2245 722 2286 ob
750 2244 901 2284 causam
925 2242 988 2283 lex
1018 2242 1066 2280 de
1085 2239 1191 2278 nexis
1211 2236 1287 2275 lata
1314 2235 1387 2274 scr-

97 2321 170 2352 tur.
201 2312 382 2352 Ceterum
413 2309 506 2349 nihil
537 2318 661 2356 vetat,
688 2317 729 2347 ut
755 2301 924 2360 pluiium
951 2305 1226 2345 foeneratorum
1251 2311 1294 2338 ea
1315 2297 1384 2334 im-

99 2374 268 2432 probitas
295 2373 436 2424 fuerit3
463 2376 499 2416 ἃ
522 2373 637 2426 priori
657 2371 742 2424 lege
756 2401 767 2421 ,
788 2378 831 2412 ut
852 2369 916 2419 fit,
939 2368 1054 2409 etiam
1079 2378 1147 2418 per
1167 2363 1382 2404 debitorum

146 2492 166 2535 §
185 2490 306 2524 xxm.
334 2491 455 2524 Zonar.
481 2492 612 2525 Florus.
638 2491 658 2527 S
683 2488 807 2523 XXIV.
826 2488 910 2523 Tab.
929 2486 1047 2521 Marm.
1067 2496 1121 2529 ap·
1137 2481 1292 2525 Onuphr·
1306 2478 1381 2510 vag·

100 2536 196 2571 Max.
221 2547 258 2577 5,
286 2548 320 2578 1,
339 2546 370 2579 9.
392 2535 539 2582 Dionys.
561 2548 614 2580 ap.
642 2534 755 2570 Vales.

1112 2656 1145 2666 κ
