1701 3008
211 225 297 274 IN
350 225 535 272 LOC.
586 221 732 272 LIB.
780 219 930 271 XIV
982 220 1135 269 LIV.
1253 238 1336 288 ¹43

99 334 168 378 m.
200 334 276 376 Sed
296 341 498 382 evenerat,
514 341 557 372 ut
575 332 691 383 paulo
717 339 805 370 ante
821 330 898 370 hoc
925 338 1077 382 tempus
1099 329 1256 380 triginta
1273 343 1338 369 naa

42 409 111 441 ves
131 399 282 440 Punicae
299 397 396 437 alios
412 396 462 436 ob
480 396 569 435 usus
585 408 606 434 a
624 394 735 434 claffe
756 393 1015 442 discederentz,
1032 407 1115 443 quae
1133 393 1221 443 quia
1239 405 1338 432 non-

47 464 143 503 dum
164 469 417 507 reverterant,
436 471 526 498 cum
543 453 698 508 reliquis
721 457 845 495 aleam
863 456 951 496 belli
969 464 1113 495 tentare
1129 455 1338 495 Poenorum

48 526 259 577 imperator
286 521 495 562 recusabat.
536 521 657 571 Igitur
683 520 837 558 nemine
867 518 1098 570 prohibente
1131 518 1344 569 ingreffus‚·

48 589 271 631 Thoenione
287 588 323 626 &
339 585 534 638 Sofistrato
552 582 808 630 tradentibus,
824 583 1031 633 pecuniam
1047 580 1242 633 publieam
1253 611 1265 627 ‚
1279 594 1344 620 na-

47 663 115 692 ves
133 653 253 691 tec‘tas
276 654 436 687 centum
456 645 619 696 viginti,
643 654 792 696 apertas
811 645 969 695 viginti,
995 643 1069 684 tela
1082 675 1093 692 ‚
1116 643 1314 688 machinas
1330 673 1343 693 ‚

49 725 300 763 ceterumque
314 710 407 751 belli
420 718 648 760 apparatum
662 709 813 760 accipit.
828 710 918 749 Hoc
933 709 1059 760 agenti
1073 707 1346 757 superveniunt

50 791 72 817 a
95 773 292 817 Leontinis
309 771 452 822 legati,
469 784 635 819 quorum
651 772 831 822 princeps
847 769 1070 810 Heraclidas
1086 769 1221 807 urbem
1231 767 1344 807 suam

50 836 177 888 Regi,
198 842 455 886 praetereaque
478 831 634 880 copias,
653 833 830 882 peditum
846 832 966 871 millia
991 840 1178 882 quatuor,
1197 830 1344 881 equites

51 900 284 951 quingentos
302 894 501 936 offerebat.
530 894 666 944 Neque
688 892 839 945 segnius
862 893 944 933 aliis
965 893 1012 933 ab
1029 893 1189 932 urbibus
1211 904 1346 928 occur.

49 962 134 1002 sum
157 960 210 1000 est
225 991 236 1005 ,
253 959 422 1007 quodam
442 954 561 995 veluti
578 964 746 995 torrente
773 956 950 996 fortunae.
987 956 1151 1007 Pyrrhus
1168 951 1348 990 humani-

50 1028 110 1061 ter
120 1028 306 1070 exceptos
322 1017 566 1069 habitosque,
583 1017 790 1060 conciliata
804 1018 980 1054 omnium
1000 1015 1196 1050 voluntate
1207 1041 1218 1059 ,
1240 1010 1346 1051 suam

49 1094 243 1135 quemque
270 1082 311 1119 in
341 1077 539 1117 civitatem
564 1076 727 1122 remifit3
761 1073 969 1123 ampliores
993 1075 1073 1122 jam
1097 1075 1228 1112 animo
1259 1073 1344 1123 spes

47 1144 222 1195 agitans,
245 1144 281 1181 δε
304 1140 330 1180 fi
345 1139 531 1179 destinata
547 1149 664 1187 porro
684 1136 737 1175 ita
759 1136 942 1181 fluerent,
973 1137 1090 1175 etiam
1114 1135 1154 1174 in
1176 1135 1346 1175 Africam

50 1204 286 1245 tranfiturus.

106 1266 171 1307 lV.
203 1267 251 1304 At
276 1262 385 1302 sociis
401 1264 483 1312 ejus
505 1262 544 1300 in
566 1260 675 1300 Italia
704 1259 809 1299 haud
837 1258 997 1309 perinde
1019 1256 1112 1296 laetae
1132 1269 1193 1297 res
1213 1265 1342 1298 erant:

51 1340 149 1379 quos
179 1326 334 1365 ablente
365 1325 471 1376 Rege
502 1329 538 1366 Sc
569 1325 707 1367 robore
736 1322 948 1370 exercitus,
973 1319 1150 1360 adversus
1180 1319 1346 1359 infestio-

50 1402 110 1429 res
138 1389 312 1440 quotidie
339 1389 563 1438 Romanos,
591 1387 690 1429 Milo
713 1399 802 1426 cum
831 1393 937 1436 parte
964 1383 1161 1434 copiarum
1186 1378 1346 1422 Tarenti

51 1451 235 1499 renerus,
263 1465 343 1491 non
373 1450 461 1491 satis
488 1451 698 1491 tutabatur.
732 1450 928 1489 Hactenus
957 1455 1088 1486 tamen
1110 1444 1278 1496 profuit,
1302 1451 1345 1483 ut

50 1515 268 1557 Tarentinis
296 1514 346 1554 ad
373 1522 525 1564 tempus
563 1511 688 1552 dilatis
723 1509 839 1550 ambo
865 1507 1039 1548 consules
1077 1508 1118 1546 in
1145 1505 1345 1546 Samnium

50 1579 155 1630 figna
179 1585 459 1617 converterent.
506 1576 695 1616 Sanmites
722 1586 812 1612 cum
831 1584 942 1623 agros
972 1569 1058 1609 suos
1084 1569 1165 1617 uri,
1192 1566 1346 1607 castella

51 1640 297 1695 expugnari,
322 1647 446 1678 totam
478 1636 569 1676 belli
597 1634 740 1675 molem
766 1634 806 1673 in
829 1633 868 1672 se
895 1630 1064 1678 versam,
1089 1628 1202 1680 seque
1227 1642 1248 1667 a
1280 1628 1346 1667 so-

52 1702 122 1741 ciis
153 1700 359 1741 derelictos
392 1699 467 1740 esse
497 1706 719 1746 cernerent;
747 1696 885 1736 animis
912 1706 958 1733 ac
983 1661 1125 1731 viribus
1152 1693 1343 1741 impares,

51 1762 211 1804 desertis
235 1763 387 1814 oppidis
412 1769 527 1812 atque
544 1761 659 1809 vicis,
681 1759 720 1798 in
745 1766 894 1798 montes
923 1754 1090 1795 excelsos
1121 1756 1156 1794 ὃς
1177 1754 1344 1802 arduos,

53 1837 146 1865 cum
170 1823 357 1864 uxoribus
378 1823 454 1864 suis
479 1821 705 1873 liberisque,
722 1834 768 1861 ac
785 1805 978 1859 catillimis
999 1829 1149 1862 rerum,
1171 1828 1264 1866 quas
1287 1815 1346 1854 in-

51 1897 110 1928 ter
141 1886 354 1927 tumultum
382 1889 417 1927 ἃ
438 1887 740 1938 trepidationem
773 1883 934 1924 avehere
963 1888 1195 1933 potuerant,
1219 1878 1256 1918 se
1287 1892 1345 1918 re-

52 1958 253 2001 ceperunt.
306 1950 418 2000 Apud
453 1949 650 1988 Romanos
686 1955 820 1999 praeter
853 1943 1138 1986 aemulationem
1169 1942 1344 1989 ducum,

51 2013 170 2052 etiam
209 2025 257 2051 ex
286 2010 398 2050 rebus
430 2010 618 2062 prosperis
655 2012 691 2050 δι
733 2016 838 2047 metu
880 2006 1072 2051 hostium,
1109 2002 1342 2054 negligentia

53 2084 137 2116 orta
164 2082 485 2125 ετειε,«ρετρεῐιιῑι
518 2073 716 2112 felicitatis
747 2079 906 2127 comesstf
923 2069 975 2110 Ea
1009 2066 1121 2106 caula
1147 2070 1182 2105 δε
1210 2062 1343 2103 damni

53 2137 222 2189 aliquid
242 2124 393 2187 &ffiqu
399 2144 488 2175 rnto
516 2135 604 2186 plus
628 2130 847 2185 ignominiae
866 2129 1008 2170 attulit
1032 2127 1187 2178 Quippe
1203 2126 1343 2166 milites

54 2213 124 2253 per
152 2199 313 2250 abrupta
348 2200 384 2238 Sc
422 2197 523 2236 invia
560 2196 791 2236 contemtim
825 2200 1023 2243 repentes,
1059 2189 1147 2228 loco
1189 2189 1344 2237 adjutus

55 2263 206 2304 Samnis
226 2261 376 2313 pepulit
404 2260 603 2311 fuditque:
628 2259 739 2299 multi
758 2257 855 2297 saxis
883 2255 1013 2295 telisve
1039 2254 1191 2301 obruti,
1217 2261 1282 2292 aut
1305 2253 1343 2290 in

55 2327 267 2380 praecipitia
299 2325 514 2374 deturbati,
537 2323 786 2364 interierunt:
812 2321 876 2360 alii
903 2332 993 2361 cum
1019 2330 1143 2368 neque
1170 2325 1343 2366 receptus

55 2391 192 2442 copia,
221 2402 345 2441 neque
375 2389 575 2442 pugnandi
606 2387 770 2428 facultas
806 2385 924 2433 estet,
952 2384 1028 2423 vivi
1057 2380 1159 2433 capti
1188 2379 1287 2419 sunt.

105 2452 155 2494 V.
186 2453 263 2494 Hic
283 2453 390 2493 casus
416 2452 582 2493 ducibus
607 2450 656 2492 ad
679 2448 953 2499 disjungendas
971 2447 1109 2485 iterum
1126 2444 1256 2494 copias
1284 2440 1337 2480 in

80 2591 81 2594 =
100 2569 124 2613 §
155 2567 212 2601 Ill.
236 2567 385 2612 Dionys.
407 2564 509 2601 Diod.
537 2566 607 2601 Ecl.
627 2567 651 2602 l.
671 2577 727 2602 22.
750 2564 838 2600 Plut.
867 2563 889 2608 §
910 2562 966 2599 Π.
994 2559 1120 2594 Zomr.

151 2625 202 2671 T.
228 2623 343 2671 Livii
379 2625 477 2670 Vol.
503 2622 592 2670 III.
1041 2611 1087 2662 K
