<?xml version="1.0" encoding="UTF-8"?>
<!DOCTYPE html PUBLIC "-//W3C//DTD XHTML 1.0 Transitional//EN"
    "http://www.w3.org/TR/xhtml1/DTD/xhtml1-transitional.dtd">
<html xmlns="http://www.w3.org/1999/xhtml" xml:lang="en" lang="en">
 <head>
  <title>
</title>
<meta http-equiv="Content-Type" content="text/html;charset=utf-8" />
  <meta name='ocr-system' content='tesseract 3.04.00' />
  <meta name='ocr-capabilities' content='ocr_page ocr_carea ocr_par ocr_line ocrx_word'/>
</head>
<body>
  <div class='ocr_page' id='page_1' title='image "./historiarumlibri03livyuoft_0064.png"; bbox 0 0 1701 3008; ppageno 0'>
   <div class='ocr_carea' id='block_1_1' title="bbox 315 190 1250 260">
    <p class='ocr_par' dir='ltr' id='par_1_1' title="bbox 315 190 1250 260">
     <span class='ocr_line' id='line_1_1' title="bbox 315 190 1250 260; baseline -0.001 -19"><span class='ocrx_word' id='word_1_1' title='bbox 315 194 381 260; x_wconf 72' lang='lat'><strong>&#39;55</strong></span> <span class='ocrx_word' id='word_1_2' title='bbox 681 190 1250 240; x_wconf 81' lang='lat' dir='ltr'><strong>T1T1L1-vt1</strong></span> 
     </span>
    </p>
   </div>
   <div class='ocr_carea' id='block_1_2' title="bbox 312 302 1670 2562">
    <p class='ocr_par' dir='ltr' id='par_1_2' title="bbox 312 302 1670 2562">
     <span class='ocr_line' id='line_1_2' title="bbox 319 302 1615 368; baseline 0.002 -19"><span class='ocrx_word' id='word_1_3' title='bbox 319 302 510 350; x_wconf 80' lang='lat' dir='ltr'><em>intrabis.</em></span> <span class='ocrx_word' id='word_1_4' title='bbox 543 302 728 346; x_wconf 80' lang='lat' dir='ltr'><em>Proinde</em></span> <span class='ocrx_word' id='word_1_5' title='bbox 760 303 889 363; x_wconf 79' lang='lat' dir='ltr'><strong>elige,</strong></span> <span class='ocrx_word' id='word_1_6' title='bbox 914 314 1006 347; x_wconf 80' lang='lat' dir='ltr'><strong>cum</strong></span> <span class='ocrx_word' id='word_1_7' title='bbox 1042 304 1155 360; x_wconf 76' lang='lat' dir='ltr'><strong>cive,</strong></span> <span class='ocrx_word' id='word_1_8' title='bbox 1176 321 1234 348; x_wconf 85' lang='lat' dir='ltr'><strong>an</strong></span> <span class='ocrx_word' id='word_1_9' title='bbox 1262 303 1399 368; x_wconf 69' lang='lat' dir='ltr'><strong>hoste,</strong></span> <span class='ocrx_word' id='word_1_10' title='bbox 1421 321 1615 368; x_wconf 73' lang='lat' dir='ltr'><strong>pugnare</strong></span> 
     </span>
     <span class='ocr_line' id='line_1_3' title="bbox 316 371 1610 439; baseline 0 -17"><span class='ocrx_word' id='word_1_11' title='bbox 316 378 458 422; x_wconf 82' lang='lat' dir='ltr'><strong>malis.</strong></span> <span class='ocrx_word' id='word_1_12' title='bbox 495 375 602 420; x_wconf 81' lang='lat' dir='ltr'><strong>Haec</strong></span> <span class='ocrx_word' id='word_1_13' title='bbox 635 371 814 419; x_wconf 85' lang='lat' dir='ltr'><strong>dicente</strong></span> <span class='ocrx_word' id='word_1_14' title='bbox 842 372 1051 431; x_wconf 80' lang='lat' dir='ltr'><strong>consule,</strong></span> <span class='ocrx_word' id='word_1_15' title='bbox 1072 374 1244 436; x_wconf 84' lang='lat' dir='ltr'>equites</span> <span class='ocrx_word' id='word_1_16' title='bbox 1273 374 1441 422; x_wconf 78' lang='lat' dir='ltr'><strong>infestis</strong></span> <span class='ocrx_word' id='word_1_17' title='bbox 1461 377 1610 439; x_wconf 83' lang='lat' dir='ltr'><strong>cuspi-</strong></span> 
     </span>
     <span class='ocr_line' id='line_1_4' title="bbox 315 445 1609 512; baseline 0.001 -18"><span class='ocrx_word' id='word_1_18' title='bbox 315 449 450 496; x_wconf 86' lang='lat' dir='ltr'>dibus</span> <span class='ocrx_word' id='word_1_19' title='bbox 471 445 902 494; x_wconf 90' lang='lat' dir='ltr'><strong>circumfunduntur</strong></span> <span class='ocrx_word' id='word_1_20' title='bbox 917 482 931 504; x_wconf 83' lang='lat'><strong>,</strong></span> <span class='ocrx_word' id='word_1_21' title='bbox 954 464 1005 493; x_wconf 79' lang='lat' dir='ltr'><strong>ac</strong></span> <span class='ocrx_word' id='word_1_22' title='bbox 1032 446 1227 510; x_wconf 81' lang='lat' dir='ltr'><strong>peditem</strong></span> <span class='ocrx_word' id='word_1_23' title='bbox 1254 446 1302 495; x_wconf 90' lang='lat' dir='ltr'><strong>in</strong></span> <span class='ocrx_word' id='word_1_24' title='bbox 1321 465 1515 512; x_wconf 79' lang='lat' dir='ltr'><strong>pugnam</strong></span> <span class='ocrx_word' id='word_1_25' title='bbox 1534 466 1609 495; x_wconf 89' lang='lat' dir='ltr'><strong>re·-</strong></span> 
     </span>
     <span class='ocr_line' id='line_1_5' title="bbox 314 518 1612 582; baseline 0.002 -15"><span class='ocrx_word' id='word_1_26' title='bbox 314 522 412 568; x_wconf 86' lang='lat' dir='ltr'><strong>dire</strong></span> <span class='ocrx_word' id='word_1_27' title='bbox 439 520 611 582; x_wconf 87' lang='lat' dir='ltr'><strong>jubent.</strong></span> <span class='ocrx_word' id='word_1_28' title='bbox 647 519 759 564; x_wconf 86' lang='lat' dir='ltr'><strong>Non</strong></span> <span class='ocrx_word' id='word_1_29' title='bbox 786 518 933 566; x_wconf 89' lang='lat' dir='ltr'><strong>virtus</strong></span> <span class='ocrx_word' id='word_1_30' title='bbox 955 520 1102 565; x_wconf 89' lang='lat' dir='ltr'><strong>solum</strong></span> <span class='ocrx_word' id='word_1_31' title='bbox 1135 519 1366 567; x_wconf 86' lang='lat' dir='ltr'><strong>consulem</strong></span> <span class='ocrx_word' id='word_1_32' title='bbox 1383 557 1396 580; x_wconf 83' lang='lat'>‚</span> <span class='ocrx_word' id='word_1_33' title='bbox 1420 520 1493 567; x_wconf 84' lang='lat' dir='ltr'><strong>sed</strong></span> <span class='ocrx_word' id='word_1_34' title='bbox 1517 520 1612 569; x_wconf 83' lang='lat' dir='ltr'><strong>fors</strong></span> 
     </span>
     <span class='ocr_line' id='line_1_6' title="bbox 314 585 1610 658; baseline 0.002 -19"><span class='ocrx_word' id='word_1_35' title='bbox 314 592 450 640; x_wconf 80' lang='lat' dir='ltr'><strong>etiam</strong></span> <span class='ocrx_word' id='word_1_36' title='bbox 476 589 679 653; x_wconf 82' lang='lat' dir='ltr'><strong>adjuvit;</strong></span> <span class='ocrx_word' id='word_1_37' title='bbox 704 591 831 654; x_wconf 89' lang='lat' dir='ltr'><strong>quod</strong></span> <span class='ocrx_word' id='word_1_38' title='bbox 850 609 946 638; x_wconf 89' lang='lat' dir='ltr'><strong>non</strong></span> <span class='ocrx_word' id='word_1_39' title='bbox 970 585 1225 640; x_wconf 64' lang='lat' dir='ltr'><strong>in&#39;stiterunt</strong></span> <span class='ocrx_word' id='word_1_40' title='bbox 1249 595 1492 652; x_wconf 77' lang='lat' dir='ltr'><strong>Samnites,</strong></span> <span class='ocrx_word' id='word_1_41' title='bbox 1513 594 1610 658; x_wconf 82' lang='lat' dir='ltr'><strong>spa·</strong></span> 
     </span>
     <span class='ocr_line' id='line_1_7' title="bbox 314 664 1611 731; baseline 0.004 -20"><span class='ocrx_word' id='word_1_42' title='bbox 314 666 520 729; x_wconf 88' lang='lat' dir='ltr'><strong>tiumque</strong></span> <span class='ocrx_word' id='word_1_43' title='bbox 547 664 884 728; x_wconf 84' lang='lat' dir='ltr'><strong>circumagendi</strong></span> <span class='ocrx_word' id='word_1_44' title='bbox 915 665 1060 728; x_wconf 80' lang='lat' dir='ltr'><strong>signa,</strong></span> <span class='ocrx_word' id='word_1_45' title='bbox 1080 666 1379 731; x_wconf 85' lang='lat' dir='ltr'><strong>vertendique</strong></span> <span class='ocrx_word' id='word_1_46' title='bbox 1412 668 1556 716; x_wconf 79' lang='lat' dir='ltr'><strong>aciem</strong></span> <span class='ocrx_word' id='word_1_47' title='bbox 1585 685 1611 716; x_wconf 85' lang='lat' dir='ltr'>a</span> 
     </span>
     <span class='ocr_line' id='line_1_8' title="bbox 316 736 1612 801; baseline 0.002 -15"><span class='ocrx_word' id='word_1_48' title='bbox 316 739 468 787; x_wconf 80' lang='lat' dir='ltr'><strong>castris</strong></span> <span class='ocrx_word' id='word_1_49' title='bbox 500 738 547 784; x_wconf 91' lang='lat' dir='ltr'><strong>in</strong></span> <span class='ocrx_word' id='word_1_50' title='bbox 584 736 759 783; x_wconf 89' lang='lat' dir='ltr'><strong>hostem</strong></span> <span class='ocrx_word' id='word_1_51' title='bbox 788 737 886 785; x_wconf 86' lang='lat' dir='ltr'><strong>fuit.</strong></span> <span class='ocrx_word' id='word_1_52' title='bbox 924 738 1043 785; x_wconf 90' lang='lat' dir='ltr'><strong>Tum</strong></span> <span class='ocrx_word' id='word_1_53' title='bbox 1074 739 1149 786; x_wconf 79' lang='lat' dir='ltr'><strong>alii</strong></span> <span class='ocrx_word' id='word_1_54' title='bbox 1178 739 1292 787; x_wconf 81' lang='lat' dir='ltr'><strong>alios</strong></span> <span class='ocrx_word' id='word_1_55' title='bbox 1324 741 1528 801; x_wconf 77' lang='lat' dir='ltr'><strong>hortari,</strong></span> <span class='ocrx_word' id='word_1_56' title='bbox 1558 754 1612 789; x_wconf 88' lang='lat' dir='ltr'><strong>ut</strong></span> 
     </span>
     <span class='ocr_line' id='line_1_9' title="bbox 314 813 1611 878; baseline 0.001 -17"><span class='ocrx_word' id='word_1_57' title='bbox 314 823 569 877; x_wconf 83' lang='lat' dir='ltr'><strong>repeterent</strong></span> <span class='ocrx_word' id='word_1_58' title='bbox 596 830 823 877; x_wconf 82' lang='lat' dir='ltr'><strong>pugnam:</strong></span> <span class='ocrx_word' id='word_1_59' title='bbox 856 813 1146 860; x_wconf 79' lang='lat' dir='ltr'><strong>centuriones</strong></span> <span class='ocrx_word' id='word_1_60' title='bbox 1171 815 1227 860; x_wconf 82' lang='lat' dir='ltr'><strong>ab</strong></span> <span class='ocrx_word' id='word_1_61' title='bbox 1259 814 1478 878; x_wconf 80' lang='lat' dir='ltr'><strong>signiferis</strong></span> <span class='ocrx_word' id='word_1_62' title='bbox 1508 832 1611 878; x_wconf 80' lang='lat' dir='ltr'><strong>rap·</strong></span> 
     </span>
     <span class='ocr_line' id='line_1_10' title="bbox 314 887 1612 952; baseline -0.001 -17"><span class='ocrx_word' id='word_1_63' title='bbox 314 899 361 936; x_wconf 80' lang='lat' dir='ltr'><strong>ta</strong></span> <span class='ocrx_word' id='word_1_64' title='bbox 391 889 510 952; x_wconf 78' lang='lat' dir='ltr'><strong>signa</strong></span> <span class='ocrx_word' id='word_1_65' title='bbox 538 887 733 934; x_wconf 88' lang='lat' dir='ltr'><strong>inferre:</strong></span> <span class='ocrx_word' id='word_1_66' title='bbox 766 888 815 934; x_wconf 76' lang='grc' dir='ltr'><strong>ὅ(</strong></span> <span class='ocrx_word' id='word_1_67' title='bbox 845 887 1079 934; x_wconf 88' lang='lat' dir='ltr'><strong>ostendere</strong></span> <span class='ocrx_word' id='word_1_68' title='bbox 1108 887 1193 935; x_wconf 91' lang='lat' dir='ltr'><strong>suis</strong></span> <span class='ocrx_word' id='word_1_69' title='bbox 1211 924 1225 946; x_wconf 83' lang='lat'><strong>‚</strong></span> <span class='ocrx_word' id='word_1_70' title='bbox 1253 905 1423 950; x_wconf 84' lang='lat' dir='ltr'><strong>paucos</strong></span> <span class='ocrx_word' id='word_1_71' title='bbox 1453 889 1502 935; x_wconf 85' lang='lat'>&amp;</span> <span class='ocrx_word' id='word_1_72' title='bbox 1535 904 1612 934; x_wconf 89' lang='lat' dir='ltr'><strong>or-</strong></span> 
     </span>
     <span class='ocr_line' id='line_1_11' title="bbox 318 959 1612 1022; baseline 0.001 -15"><span class='ocrx_word' id='word_1_73' title='bbox 318 962 501 1008; x_wconf 83' lang='lat' dir='ltr'><strong>dinibus</strong></span> <span class='ocrx_word' id='word_1_74' title='bbox 521 960 836 1022; x_wconf 75' lang='lat' dir='ltr'><strong>incompositis</strong></span> <span class='ocrx_word' id='word_1_75' title='bbox 857 960 989 1006; x_wconf 88' lang='lat' dir='ltr'><strong>effuse</strong></span> <span class='ocrx_word' id='word_1_76' title='bbox 1010 959 1167 1008; x_wconf 87' lang='lat' dir='ltr'><strong>venire</strong></span> <span class='ocrx_word' id='word_1_77' title='bbox 1186 959 1349 1021; x_wconf 89' lang='lat' dir='ltr'><strong>hostes.</strong></span> <span class='ocrx_word' id='word_1_78' title='bbox 1378 963 1496 1007; x_wconf 82' lang='lat' dir='ltr'><strong>Inter</strong></span> <span class='ocrx_word' id='word_1_79' title='bbox 1513 961 1612 1008; x_wconf 85' lang='lat' dir='ltr'><strong>haec</strong></span> 
     </span>
     <span class='ocr_line' id='line_1_12' title="bbox 319 1033 1612 1092; baseline -0.002 -10"><span class='ocrx_word' id='word_1_80' title='bbox 319 1035 516 1092; x_wconf 83' lang='lat' dir='ltr'><strong>consul,</strong></span> <span class='ocrx_word' id='word_1_81' title='bbox 546 1051 706 1081; x_wconf 79' lang='lat' dir='ltr'><strong>manus</strong></span> <span class='ocrx_word' id='word_1_82' title='bbox 738 1034 794 1080; x_wconf 80' lang='lat' dir='ltr'><strong>ad</strong></span> <span class='ocrx_word' id='word_1_83' title='bbox 836 1033 1003 1080; x_wconf 88' lang='lat' dir='ltr'><strong>coelum</strong></span> <span class='ocrx_word' id='word_1_84' title='bbox 1039 1034 1283 1092; x_wconf 85' lang='lat' dir='ltr'><strong>attollens,</strong></span> <span class='ocrx_word' id='word_1_85' title='bbox 1309 1050 1430 1082; x_wconf 87' lang='lat' dir='ltr'><strong>voce</strong></span> <span class='ocrx_word' id='word_1_86' title='bbox 1464 1033 1612 1092; x_wconf 80' lang='lat' dir='ltr'><strong>clara,</strong></span> 
     </span>
     <span class='ocr_line' id='line_1_13' title="bbox 316 1107 1611 1171; baseline -0.001 -16"><span class='ocrx_word' id='word_1_87' title='bbox 316 1107 379 1155; x_wconf 81' lang='lat' dir='ltr'><strong>ita</strong></span> <span class='ocrx_word' id='word_1_88' title='bbox 413 1124 464 1154; x_wconf 75' lang='lat' dir='ltr'><strong>ut</strong></span> <span class='ocrx_word' id='word_1_89' title='bbox 496 1108 784 1155; x_wconf 80' lang='lat' dir='ltr'><strong>exaudiretur</strong></span> <span class='ocrx_word' id='word_1_90' title='bbox 804 1144 818 1165; x_wconf 90' lang='lat'><strong><em>,</em></strong></span> <span class='ocrx_word' id='word_1_91' title='bbox 852 1108 1069 1171; x_wconf 88' lang='lat' dir='ltr'><strong>templum</strong></span> <span class='ocrx_word' id='word_1_92' title='bbox 1103 1109 1207 1157; x_wconf 87' lang='lat' dir='ltr'><strong>Jovi</strong></span> <span class='ocrx_word' id='word_1_93' title='bbox 1237 1108 1404 1157; x_wconf 83' lang='lat' dir='ltr'><strong>Statori</strong></span> <span class='ocrx_word' id='word_1_94' title='bbox 1439 1121 1611 1166; x_wconf 76' lang='lat' dir='ltr'><strong>vovet,</strong></span> 
     </span>
     <span class='ocr_line' id='line_1_14' title="bbox 318 1180 1611 1246; baseline -0.001 -16"><span class='ocrx_word' id='word_1_95' title='bbox 318 1183 354 1229; x_wconf 84' lang='lat' dir='ltr'><strong>fi</strong></span> <span class='ocrx_word' id='word_1_96' title='bbox 386 1181 651 1230; x_wconf 74' lang='lat' dir='ltr'><strong>constitisset</strong></span> <span class='ocrx_word' id='word_1_97' title='bbox 679 1198 703 1228; x_wconf 85' lang='lat' dir='ltr'>a</span> <span class='ocrx_word' id='word_1_98' title='bbox 733 1180 835 1245; x_wconf 78' lang='lat' dir='ltr'><strong>fuga</strong></span> <span class='ocrx_word' id='word_1_99' title='bbox 865 1181 1073 1229; x_wconf 79' lang='lat' dir='ltr'><strong>Romana</strong></span> <span class='ocrx_word' id='word_1_100' title='bbox 1106 1183 1254 1239; x_wconf 84' lang='lat' dir='ltr'><strong>acies,</strong></span> <span class='ocrx_word' id='word_1_101' title='bbox 1282 1181 1611 1246; x_wconf 83' lang='lat' dir='ltr'><strong>redintegrato-</strong></span> 
     </span>
     <span class='ocr_line' id='line_1_15' title="bbox 316 1253 1612 1318; baseline 0 -18"><span class='ocrx_word' id='word_1_102' title='bbox 316 1272 405 1318; x_wconf 86' lang='lat' dir='ltr'><strong>que</strong></span> <span class='ocrx_word' id='word_1_103' title='bbox 441 1254 609 1317; x_wconf 84' lang='lat' dir='ltr'><strong>proelio</strong></span> <span class='ocrx_word' id='word_1_104' title='bbox 651 1253 874 1300; x_wconf 69' lang='lat' dir='ltr'><strong>cecidisset</strong></span> <span class='ocrx_word' id='word_1_105' title='bbox 908 1253 1171 1317; x_wconf 74' lang='lat' dir='ltr'><strong>vicissetque</strong></span> <span class='ocrx_word' id='word_1_106' title='bbox 1205 1254 1406 1318; x_wconf 85' lang='lat' dir='ltr'><strong>legiones</strong></span> <span class='ocrx_word' id='word_1_107' title='bbox 1441 1255 1612 1301; x_wconf 86' lang='lat' dir='ltr'><strong>Samni-</strong></span> 
     </span>
     <span class='ocr_line' id='line_1_16' title="bbox 315 1327 1615 1394; baseline 0 -19"><span class='ocrx_word' id='word_1_108' title='bbox 315 1329 447 1377; x_wconf 86' lang='lat' dir='ltr'><strong>tium.</strong></span> <span class='ocrx_word' id='word_1_109' title='bbox 483 1330 657 1375; x_wconf 87' lang='lat' dir='ltr'><strong>Omnes</strong></span> <span class='ocrx_word' id='word_1_110' title='bbox 681 1327 881 1390; x_wconf 87' lang='lat' dir='ltr'><strong>undique</strong></span> <span class='ocrx_word' id='word_1_111' title='bbox 905 1328 1044 1375; x_wconf 76' lang='lat' dir='ltr'><strong>annisi</strong></span> <span class='ocrx_word' id='word_1_112' title='bbox 1070 1328 1126 1375; x_wconf 83' lang='lat' dir='ltr'><strong>ad</strong></span> <span class='ocrx_word' id='word_1_113' title='bbox 1155 1328 1467 1376; x_wconf 80' lang='lat' dir='ltr'><strong>restituendam</strong></span> <span class='ocrx_word' id='word_1_114' title='bbox 1502 1346 1615 1394; x_wconf 83' lang='lat' dir='ltr'><strong>pug-</strong></span> 
     </span>
     <span class='ocr_line' id='line_1_17' title="bbox 315 1401 1616 1474; baseline 0 -25"><span class='ocrx_word' id='word_1_115' title='bbox 315 1420 424 1474; x_wconf 60' lang='lat' dir='ltr'><strong>pam</strong></span> <span class='ocrx_word' id='word_1_116' title='bbox 439 1442 451 1460; x_wconf 70' lang='lat'><strong><em>⁷</em></strong></span> <span class='ocrx_word' id='word_1_117' title='bbox 473 1403 635 1460; x_wconf 80' lang='lat' dir='ltr'><strong>duces,</strong></span> <span class='ocrx_word' id='word_1_118' title='bbox 661 1401 849 1458; x_wconf 82' lang='lat' dir='ltr'><strong>milites,</strong></span> <span class='ocrx_word' id='word_1_119' title='bbox 872 1402 1071 1463; x_wconf 82' lang='lat' dir='ltr'><strong>peditum</strong></span> <span class='ocrx_word' id='word_1_120' title='bbox 1093 1404 1388 1468; x_wconf 83' lang='lat' dir='ltr'><strong>equitumque</strong></span> <span class='ocrx_word' id='word_1_121' title='bbox 1408 1403 1493 1450; x_wconf 88' lang='lat' dir='ltr'><strong>vis.</strong></span> <span class='ocrx_word' id='word_1_122' title='bbox 1532 1420 1616 1449; x_wconf 88' lang='lat' dir='ltr'><strong>nu-</strong></span> 
     </span>
     <span class='ocr_line' id='line_1_18' title="bbox 312 1475 1614 1538; baseline 0 -14"><span class='ocrx_word' id='word_1_123' title='bbox 312 1480 424 1524; x_wconf 63' lang='lat' dir='ltr'><strong>⁴men</strong></span> <span class='ocrx_word' id='word_1_124' title='bbox 457 1477 589 1524; x_wconf 86' lang='lat' dir='ltr'><strong>etiam</strong></span> <span class='ocrx_word' id='word_1_125' title='bbox 629 1477 839 1522; x_wconf 84' lang='lat' dir='ltr'><strong>Deorum</strong></span> <span class='ocrx_word' id='word_1_126' title='bbox 878 1475 1114 1538; x_wconf 71' lang='lat' dir='ltr'><strong>respexisse</strong></span> <span class='ocrx_word' id='word_1_127' title='bbox 1149 1494 1315 1524; x_wconf 86' lang='lat' dir='ltr'><strong>nomen</strong></span> <span class='ocrx_word' id='word_1_128' title='bbox 1352 1478 1614 1524; x_wconf 81' lang='lat' dir='ltr'><strong>Romanum</strong></span> 
     </span>
     <span class='ocr_line' id='line_1_19' title="bbox 317 1547 1615 1614; baseline -0.001 -16"><span class='ocrx_word' id='word_1_129' title='bbox 317 1549 461 1598; x_wconf 86' lang='lat' dir='ltr'><strong>visum</strong></span> <span class='ocrx_word' id='word_1_130' title='bbox 487 1568 497 1595; x_wconf 89' lang='lat'><strong>:</strong></span> <span class='ocrx_word' id='word_1_131' title='bbox 527 1549 641 1596; x_wconf 79' lang='lat' dir='ltr'><strong>adeo</strong></span> <span class='ocrx_word' id='word_1_132' title='bbox 672 1547 801 1595; x_wconf 82' lang='lat' dir='ltr'><strong>facile</strong></span> <span class='ocrx_word' id='word_1_133' title='bbox 832 1548 1047 1596; x_wconf 78' lang='lat' dir='ltr'><strong>inclinata</strong></span> <span class='ocrx_word' id='word_1_134' title='bbox 1079 1567 1178 1608; x_wconf 89' lang='lat' dir='ltr'><strong>res,</strong></span> <span class='ocrx_word' id='word_1_135' title='bbox 1207 1550 1460 1614; x_wconf 76' lang='lat' dir='ltr'><strong>repulsique</strong></span> <span class='ocrx_word' id='word_1_136' title='bbox 1496 1569 1518 1597; x_wconf 81' lang='lat' dir='ltr'>a</span> <span class='ocrx_word' id='word_1_137' title='bbox 1543 1568 1615 1598; x_wconf 81' lang='lat' dir='ltr'><strong>ca-</strong></span> 
     </span>
     <span class='ocr_line' id='line_1_20' title="bbox 316 1614 1615 1681; baseline 0.001 -12"><span class='ocrx_word' id='word_1_138' title='bbox 316 1623 416 1669; x_wconf 76' lang='lat' dir='ltr'><strong>stris</strong></span> <span class='ocrx_word' id='word_1_139' title='bbox 444 1614 620 1676; x_wconf 60' lang='lat' dir='ltr'><strong>ho’stes;</strong></span> <span class='ocrx_word' id='word_1_140' title='bbox 650 1637 760 1666; x_wconf 82' lang='lat' dir='ltr'><strong>mox</strong></span> <span class='ocrx_word' id='word_1_141' title='bbox 790 1621 924 1667; x_wconf 82' lang='lat' dir='ltr'><strong>etiam</strong></span> <span class='ocrx_word' id='word_1_142' title='bbox 953 1623 1117 1669; x_wconf 73' lang='lat' dir='ltr'><strong>redaffi</strong></span> <span class='ocrx_word' id='word_1_143' title='bbox 1149 1624 1204 1670; x_wconf 73' lang='lat' dir='ltr'><strong>ad</strong></span> <span class='ocrx_word' id='word_1_144' title='bbox 1232 1641 1336 1670; x_wconf 89' lang='lat' dir='ltr'><strong>eum</strong></span> <span class='ocrx_word' id='word_1_145' title='bbox 1362 1624 1543 1681; x_wconf 90' lang='lat' dir='ltr'><strong>locum,</strong></span> <span class='ocrx_word' id='word_1_146' title='bbox 1565 1625 1615 1670; x_wconf 89' lang='lat' dir='ltr'><strong>in</strong></span> 
     </span>
     <span class='ocr_line' id='line_1_21' title="bbox 315 1688 1615 1758; baseline 0.003 -18"><span class='ocrx_word' id='word_1_147' title='bbox 315 1711 412 1758; x_wconf 82' lang='lat' dir='ltr'><strong>quo</strong></span> <span class='ocrx_word' id='word_1_148' title='bbox 449 1692 681 1742; x_wconf 72' lang='lat' dir='ltr'><strong>commissa</strong></span> <span class='ocrx_word' id='word_1_149' title='bbox 711 1688 863 1756; x_wconf 84' lang='lat' dir='ltr'><strong>pugna</strong></span> <span class='ocrx_word' id='word_1_150' title='bbox 896 1708 1000 1742; x_wconf 77' lang='lat' dir='ltr'><strong>erat.</strong></span> <span class='ocrx_word' id='word_1_151' title='bbox 1040 1694 1392 1756; x_wconf 81' lang='lat' dir='ltr'><strong>lbi‚objacente</strong></span> <span class='ocrx_word' id='word_1_152' title='bbox 1424 1696 1615 1744; x_wconf 78' lang='lat' dir='ltr'><strong>sarcina-</strong></span> 
     </span>
     <span class='ocr_line' id='line_1_22' title="bbox 319 1767 1670 1830; baseline 0.001 -15"><span class='ocrx_word' id='word_1_153' title='bbox 319 1786 419 1815; x_wconf 82' lang='lat' dir='ltr'><strong>rum</strong></span> <span class='ocrx_word' id='word_1_154' title='bbox 456 1767 673 1825; x_wconf 81' lang='lat' dir='ltr'><strong>cumulo,</strong></span> <span class='ocrx_word' id='word_1_155' title='bbox 707 1783 816 1830; x_wconf 78' lang='lat' dir='ltr'><strong>quas</strong></span> <span class='ocrx_word' id='word_1_156' title='bbox 850 1769 1142 1829; x_wconf 76' lang='lat' dir='ltr'><strong>conjecerant</strong></span> <span class='ocrx_word' id='word_1_157' title='bbox 1177 1769 1223 1815; x_wconf 86' lang='lat' dir='ltr'><strong>in</strong></span> <span class='ocrx_word' id='word_1_158' title='bbox 1255 1770 1485 1827; x_wconf 83' lang='lat' dir='ltr'><strong>medium,</strong></span> <span class='ocrx_word' id='word_1_159' title='bbox 1523 1771 1616 1817; x_wconf 80' lang='lat' dir='ltr'><strong>hae-</strong></span> <span class='ocrx_word' id='word_1_160' title='bbox 1654 1796 1670 1816; x_wconf 51' lang='grc' dir='ltr'>ε</span> 
     </span>
     <span class='ocr_line' id='line_1_23' title="bbox 319 1840 1613 1904; baseline 0.002 -18"><span class='ocrx_word' id='word_1_161' title='bbox 319 1840 412 1887; x_wconf 86' lang='lat' dir='ltr'><strong>sere</strong></span> <span class='ocrx_word' id='word_1_162' title='bbox 443 1840 679 1903; x_wconf 82' lang='lat' dir='ltr'><strong>impediti:</strong></span> <span class='ocrx_word' id='word_1_163' title='bbox 711 1840 895 1898; x_wconf 87' lang='lat' dir='ltr'><strong>deinde,</strong></span> <span class='ocrx_word' id='word_1_164' title='bbox 924 1858 979 1887; x_wconf 88' lang='lat' dir='ltr'><strong>ne</strong></span> <span class='ocrx_word' id='word_1_165' title='bbox 1008 1841 1306 1904; x_wconf 77' lang='lat' dir='ltr'><strong>diriperentur</strong></span> <span class='ocrx_word' id='word_1_166' title='bbox 1335 1859 1432 1900; x_wconf 77' lang='lat' dir='ltr'><strong>res,</strong></span> <span class='ocrx_word' id='word_1_167' title='bbox 1454 1843 1613 1889; x_wconf 84' lang='lat' dir='ltr'><strong>orbem</strong></span> 
     </span>
     <span class='ocr_line' id='line_1_24' title="bbox 320 1912 1615 1962; baseline 0.002 -3"><span class='ocrx_word' id='word_1_168' title='bbox 320 1926 599 1961; x_wconf 73' lang='lat' dir='ltr'><strong>armatorum</strong></span> <span class='ocrx_word' id='word_1_169' title='bbox 634 1912 815 1960; x_wconf 80' lang='lat' dir='ltr'><strong>sarcinis</strong></span> <span class='ocrx_word' id='word_1_170' title='bbox 849 1914 1142 1961; x_wconf 80' lang='lat' dir='ltr'><strong>circumdant.</strong></span> <span class='ocrx_word' id='word_1_171' title='bbox 1188 1916 1309 1961; x_wconf 84' lang='lat' dir='ltr'><strong>Tum</strong></span> <span class='ocrx_word' id='word_1_172' title='bbox 1333 1933 1449 1962; x_wconf 88' lang='lat' dir='ltr'><strong>vero</strong></span> <span class='ocrx_word' id='word_1_173' title='bbox 1481 1931 1561 1961; x_wconf 88' lang='lat' dir='ltr'><strong>eos</strong></span> <span class='ocrx_word' id='word_1_174' title='bbox 1590 1932 1615 1962; x_wconf 77' lang='lat' dir='ltr'>a</span> 
     </span>
     <span class='ocr_line' id='line_1_25' title="bbox 320 1986 1614 2052; baseline 0.001 -19"><span class='ocrx_word' id='word_1_175' title='bbox 320 1986 474 2034; x_wconf 83' lang='lat' dir='ltr'><strong>fronte</strong></span> <span class='ocrx_word' id='word_1_176' title='bbox 508 2005 665 2052; x_wconf 84' lang='lat' dir='ltr'><strong>urgere</strong></span> <span class='ocrx_word' id='word_1_177' title='bbox 699 1989 898 2051; x_wconf 84' lang='lat' dir='ltr'><strong>pedites,</strong></span> <span class='ocrx_word' id='word_1_178' title='bbox 920 1989 976 2035; x_wconf 79' lang='lat' dir='ltr'><strong>ab</strong></span> <span class='ocrx_word' id='word_1_179' title='bbox 1008 2001 1137 2052; x_wconf 81' lang='lat' dir='ltr'><strong>tergo</strong></span> <span class='ocrx_word' id='word_1_180' title='bbox 1163 1989 1456 2037; x_wconf 60' lang='lat' dir='ltr'><strong>circumvecti</strong></span> <span class='ocrx_word' id='word_1_181' title='bbox 1487 1989 1614 2051; x_wconf 82' lang='lat' dir='ltr'><strong>equi·</strong></span> 
     </span>
     <span class='ocr_line' id='line_1_26' title="bbox 321 2061 1615 2126; baseline 0.001 -20"><span class='ocrx_word' id='word_1_182' title='bbox 321 2071 403 2107; x_wconf 87' lang='lat' dir='ltr'><strong>tes.</strong></span> <span class='ocrx_word' id='word_1_183' title='bbox 449 2061 507 2107; x_wconf 81' lang='lat' dir='ltr'><strong>ita</strong></span> <span class='ocrx_word' id='word_1_184' title='bbox 541 2061 587 2107; x_wconf 90' lang='lat' dir='ltr'><strong>in</strong></span> <span class='ocrx_word' id='word_1_185' title='bbox 618 2062 771 2109; x_wconf 89' lang='lat' dir='ltr'><strong>medio</strong></span> <span class='ocrx_word' id='word_1_186' title='bbox 799 2062 893 2109; x_wconf 85' lang='lat' dir='ltr'><strong>caefi</strong></span> <span class='ocrx_word' id='word_1_187' title='bbox 923 2063 1145 2126; x_wconf 80' lang='lat' dir='ltr'><strong>captique.</strong></span> <span class='ocrx_word' id='word_1_188' title='bbox 1191 2064 1495 2125; x_wconf 77' lang='lat' dir='ltr'><strong>Captivorum</strong></span> <span class='ocrx_word' id='word_1_189' title='bbox 1529 2079 1615 2108; x_wconf 89' lang='lat' dir='ltr'><strong>nu-</strong></span> 
     </span>
     <span class='ocr_line' id='line_1_27' title="bbox 319 2133 1613 2198; baseline 0.001 -19"><span class='ocrx_word' id='word_1_190' title='bbox 319 2150 471 2180; x_wconf 79' lang='lat' dir='ltr'><strong>merus</strong></span> <span class='ocrx_word' id='word_1_191' title='bbox 492 2133 575 2179; x_wconf 87' lang='lat' dir='ltr'><strong>fuit</strong></span> <span class='ocrx_word' id='word_1_192' title='bbox 596 2133 762 2196; x_wconf 91' lang='lat' dir='ltr'><strong>septem</strong></span> <span class='ocrx_word' id='word_1_193' title='bbox 782 2135 973 2182; x_wconf 77' lang='lat' dir='ltr'><strong>millium</strong></span> <span class='ocrx_word' id='word_1_194' title='bbox 996 2153 1046 2183; x_wconf 86' lang='lat' dir='ltr'><strong>ac</strong></span> <span class='ocrx_word' id='word_1_195' title='bbox 1067 2136 1390 2192; x_wconf 88' lang='lat' dir='ltr'><strong>ducentorum,</strong></span> <span class='ocrx_word' id='word_1_196' title='bbox 1411 2136 1490 2198; x_wconf 89' lang='lat' dir='ltr'><strong>qui</strong></span> <span class='ocrx_word' id='word_1_197' title='bbox 1512 2152 1613 2180; x_wconf 89' lang='lat' dir='ltr'><strong>om-</strong></span> 
     </span>
     <span class='ocr_line' id='line_1_28' title="bbox 319 2205 1615 2271; baseline 0.002 -20"><span class='ocrx_word' id='word_1_198' title='bbox 319 2222 402 2251; x_wconf 87' lang='lat' dir='ltr'><strong>nes</strong></span> <span class='ocrx_word' id='word_1_199' title='bbox 429 2206 536 2251; x_wconf 88' lang='lat' dir='ltr'><strong>nudi</strong></span> <span class='ocrx_word' id='word_1_200' title='bbox 574 2207 650 2253; x_wconf 89' lang='lat' dir='ltr'><strong>sub</strong></span> <span class='ocrx_word' id='word_1_201' title='bbox 682 2205 835 2271; x_wconf 81' lang='lat' dir='ltr'><strong>jugum</strong></span> <span class='ocrx_word' id='word_1_202' title='bbox 868 2208 993 2256; x_wconf 83' lang='lat' dir='ltr'><strong>miffi.</strong></span> <span class='ocrx_word' id='word_1_203' title='bbox 1031 2207 1177 2255; x_wconf 62' lang='lat' dir='ltr'><strong>caesos‘</strong></span> <span class='ocrx_word' id='word_1_204' title='bbox 1207 2207 1397 2254; x_wconf 86' lang='lat' dir='ltr'><strong>retulere</strong></span> <span class='ocrx_word' id='word_1_205' title='bbox 1427 2208 1482 2253; x_wconf 82' lang='lat' dir='ltr'><strong>ad</strong></span> <span class='ocrx_word' id='word_1_206' title='bbox 1509 2224 1615 2269; x_wconf 79' lang='lat' dir='ltr'><strong>qua·</strong></span> 
     </span>
     <span class='ocr_line' id='line_1_29' title="bbox 319 2278 1615 2344; baseline 0 -18"><span class='ocrx_word' id='word_1_207' title='bbox 319 2291 428 2326; x_wconf 89' lang='lat' dir='ltr'><strong>tuor</strong></span> <span class='ocrx_word' id='word_1_208' title='bbox 453 2280 594 2327; x_wconf 79' lang='lat' dir='ltr'><strong>millia</strong></span> <span class='ocrx_word' id='word_1_209' title='bbox 622 2281 922 2344; x_wconf 71' lang='lat' dir='ltr'><strong>offingentos.</strong></span> <span class='ocrx_word' id='word_1_210' title='bbox 961 2284 1031 2329; x_wconf 91' lang='lat' dir='ltr'><strong>Ne</strong></span> <span class='ocrx_word' id='word_1_211' title='bbox 1060 2279 1279 2327; x_wconf 81' lang='lat' dir='ltr'><strong>Romanis</strong></span> <span class='ocrx_word' id='word_1_212' title='bbox 1303 2278 1487 2343; x_wconf 89' lang='lat' dir='ltr'><strong>quidem</strong></span> <span class='ocrx_word' id='word_1_213' title='bbox 1519 2281 1615 2326; x_wconf 81' lang='lat' dir='ltr'><strong>laeta</strong></span> 
     </span>
     <span class='ocr_line' id='line_1_30' title="bbox 319 2351 1614 2415; baseline -0.004 -14"><span class='ocrx_word' id='word_1_214' title='bbox 319 2351 515 2401; x_wconf 68' lang='lat' dir='ltr'><strong>vi&amp;oria</strong></span> <span class='ocrx_word' id='word_1_215' title='bbox 546 2352 646 2399; x_wconf 88' lang='lat' dir='ltr'><strong>fuit.</strong></span> <span class='ocrx_word' id='word_1_216' title='bbox 691 2354 946 2401; x_wconf 82' lang='lat' dir='ltr'><strong>recensente</strong></span> <span class='ocrx_word' id='word_1_217' title='bbox 984 2353 1168 2401; x_wconf 89' lang='lat' dir='ltr'><strong>consule</strong></span> <span class='ocrx_word' id='word_1_218' title='bbox 1213 2353 1352 2399; x_wconf 86' lang='lat' dir='ltr'><strong>biduo</strong></span> <span class='ocrx_word' id='word_1_219' title='bbox 1386 2364 1614 2415; x_wconf 75' lang='lat' dir='ltr'><strong>acceptam</strong></span> 
     </span>
     <span class='ocr_line' id='line_1_31' title="bbox 320 2424 1613 2486; baseline -0.002 -13"><span class='ocrx_word' id='word_1_220' title='bbox 320 2426 525 2486; x_wconf 75' lang='lat' dir='ltr'><strong>cladem,</strong></span> <span class='ocrx_word' id='word_1_221' title='bbox 557 2428 812 2474; x_wconf 76' lang='lat' dir='ltr'><strong>amissorum</strong></span> <span class='ocrx_word' id='word_1_222' title='bbox 847 2428 1040 2477; x_wconf 86' lang='lat' dir='ltr'><strong>militum</strong></span> <span class='ocrx_word' id='word_1_223' title='bbox 1079 2443 1289 2474; x_wconf 86' lang='lat' dir='ltr'><strong>numerus</strong></span> <span class='ocrx_word' id='word_1_224' title='bbox 1325 2426 1489 2473; x_wconf 83' lang='lat' dir='ltr'><strong>relatus</strong></span> <span class='ocrx_word' id='word_1_225' title='bbox 1521 2424 1613 2486; x_wconf 86' lang='lat' dir='ltr'><strong>sep-</strong></span> 
     </span>
     <span class='ocr_line' id='line_1_32' title="bbox 319 2498 1615 2562; baseline -0.002 -16"><span class='ocrx_word' id='word_1_226' title='bbox 319 2507 411 2547; x_wconf 85' lang='lat' dir='ltr'><strong>tem</strong></span> <span class='ocrx_word' id='word_1_227' title='bbox 437 2498 628 2549; x_wconf 87' lang='lat' dir='ltr'><strong>millium</strong></span> <span class='ocrx_word' id='word_1_228' title='bbox 660 2518 710 2551; x_wconf 80' lang='lat' dir='ltr'><strong>ac</strong></span> <span class='ocrx_word' id='word_1_229' title='bbox 742 2501 1060 2551; x_wconf 80' lang='lat' dir='ltr'><strong>ducentorum.</strong></span> <span class='ocrx_word' id='word_1_230' title='bbox 1097 2501 1226 2548; x_wconf 92' lang='lat' dir='ltr'><strong>Dum</strong></span> <span class='ocrx_word' id='word_1_231' title='bbox 1250 2500 1347 2549; x_wconf 81' lang='lat' dir='ltr'><strong>haec</strong></span> <span class='ocrx_word' id='word_1_232' title='bbox 1374 2499 1423 2547; x_wconf 83' lang='lat' dir='ltr'><strong>in</strong></span> <span class='ocrx_word' id='word_1_233' title='bbox 1448 2498 1615 2562; x_wconf 78' lang='lat' dir='ltr'><strong>Apulia</strong></span> 
     </span>
    </p>
   </div>
  </div>
 </body>
</html>
