1701 3008
276 218 863 267 HISTORIARUM
912 220 1039 267 LIB.
1084 221 1148 268 X.
1319 241 1368 290 13

98 327 374 393 nis‚ingenti
399 327 612 376 consensu
639 338 820 390 accepta
839 327 912 375 est.
947 327 1187 377 Pontifices
1218 347 1375 378 crean-

96 411 169 448 tur
200 401 350 448 suasor
373 402 479 464 legis
504 403 550 448 P.
568 390 738 447 Decius
758 403 859 447 Mus
876 437 889 459 ‚
915 401 961 448 Ρ.
981 403 1270 465 Sempronius
1289 406 1377 452 So-

95 475 231 537 phus,
249 475 304 521 C.
322 473 520 521 Marcius
537 461 717 519 'Rutilus
731 509 743 531 ‚
761 474 822 519 M.
839 473 992 521 Livius
1012 476 1203 522 Denter.
1225 477 1375 536 Quin-

94 563 182 609 que
199 564 386 612 augures
409 547 514 593 item
535 546 589 592 de
609 546 765 608 plebe,
800 547 854 593 C.
878 548 1131 605 Genucius,
1159 550 1206 596 P.
1232 550 1374 599 AElius

97 622 270 678 Paetus,
294 621 357 665 M.
378 618 602 666 Minucius
627 619 772 665 Fessus
788 655 803 676 ,
828 620 881 665 C.
900 621 1097 667 Marcius
1114 655 1128 678 ‚
1148 619 1204 669 T.
1224 622 1376 668 Publi-

97 693 194 740 lius.
224 695 288 739 Ita
323 692 428 739 οξὶο
453 690 719 755 pontificum
737 724 752 748 ‚
778 708 951 738 novem
973 710 1192 757 augurum
1213 712 1375 743 nume-

97 780 171 810 rus
195 762 348 810 sacius.
371 763 540 809 Eodem
566 780 686 810 anno
706 766 770 810 M.
786 762 989 811 Valerius
1012 764 1171 812 consul
1190 766 1243 813 de
1264 784 1375 829 pro·

103 837 354 885 vocatione
379 836 521 901 legem
549 836 680 896 tulit,
712 836 968 901 diligentius
1005 837 1209 886 sanciam.
1242 842 1378 888 tertio

98 928 151 958 ea
177 922 272 957 tum
301 909 400 974 post
430 926 551 973 reges
578 911 757 957 exa&os
786 911 871 958 lata
895 911 979 970 est,
1007 911 1179 975 semper
1198 930 1223 959 a
1246 913 1378 960 fami-

98 986 158 1034 lia
186 986 353 1033 eadem.
385 984 571 1032 Causam
601 987 881 1035 renovandae
911 985 1067 1049 saepius
1102 985 1220 1033 haud
1249 987 1379 1035 aliam

99 1060 226 1108 fuiffe
245 1078 375 1118 reor,
404 1077 536 1124 quam
557 1061 682 1124 quod
699 1060 797 1124 plus
819 1076 1065 1124 paucorum
1087 1076 1220 1123 opes,
1240 1079 1377 1125 quam

100 1137 280 1184 libertas
300 1136 465 1199 plebis,
483 1146 705 1198 poterant.
725 1135 887 1182 Porcia
906 1145 1053 1181 tamen
1075 1133 1149 1180 lex
1175 1134 1267 1182 sola
1289 1153 1378 1200 pro

100 1222 229 1272 tergo
267 1209 441 1256 civium
476 1208 562 1255 lata
599 1207 800 1257 videtur:
834 1207 960 1272 quod
986 1206 1112 1269 gravi
1146 1224 1314 1270 poena,
1347 1209 1381 1256 fi

102 1284 201 1349 quis
234 1283 500 1330 verberaffet
532 1281 780 1329 necassetve
801 1281 949 1329 civem
971 1281 1228 1328 Romanum
1245 1318 1258 1341 ‚
1280 1282 1380 1330 san-

103 1356 183 1404 xit.
217 1356 396 1422 Valeria
425 1356 497 1402 lex
515 1392 528 1414 ,
561 1373 664 1403 cum
686 1371 787 1403 eum
804 1391 818 1415 ‚
846 1355 924 1418 qui
951 1354 1263 1417 provocasset,
1285 1356 1383 1404 vir-

104 1430 170 1493 gis
203 1431 346 1489 caedi,
379 1429 609 1493 securique
642 1429 795 1475 necari
824 1428 1063 1489 vetuisset,
1100 1428 1132 1474 fi
1169 1429 1268 1493 quis
1305 1432 1383 1477 ad—

107 1501 262 1549 versus
288 1519 337 1548 ea
364 1502 558 1558 fecisset,
590 1501 701 1548 nihil
721 1504 859 1559 ultra,
893 1519 1020 1565 quam
1050 1502 1256 1565 improbe
1287 1502 1384 1551 fac-

105 1591 230 1635 tum,
263 1575 437 1638 adjecit.
474 1577 521 1624 Id
553 1576 660 1640 (qui
692 1588 784 1622 tum
818 1576 963 1639 pudor
990 1576 1225 1624 hominum
1256 1576 1382 1641 erat)

106 1650 253 1696 visum
270 1686 284 1708 ‚
309 1651 470 1709 credo,
501 1649 737 1699 vinculum
763 1649 861 1696 satis
888 1648 1091 1697 validum
1111 1649 1232 1713 legis.
1264 1668 1385 1699 nunc

105 1725 189 1774 vix
221 1727 336 1773 serio
369 1727 429 1774 ita
463 1727 659 1774 minetur
678 1725 925 1790 quisquam.
956 1726 1124 1772 Bellum
1151 1725 1206 1772 ab
1225 1726 1386 1772 eodem

106 1796 290 1843 consule
325 1797 665 1861 haudquaquam
695 1795 988 1843 memorabile
1010 1794 1221 1842 adversus
1246 1797 1388 1842 rebel-

109 1869 250 1916 lantes
269 1871 441 1933 AEquos
457 1907 471 1928 ,
498 1887 598 1917 cum
619 1881 781 1932 praeter
807 1868 982 1915 animos
1000 1868 1175 1914 feroces
1201 1868 1312 1914 nihil
1332 1886 1389 1916 ex

111 1941 294 2004 antiqua
313 1942 495 1990 fortuna
516 1943 733 1989 haberent
748 1979 761 2000 ‚
782 1942 949 2006 gestum
980 1941 1053 1987 est.
1083 1941 1209 1988 Alter
1233 1935 1393 1990 consul

112 2014 361 2077 Appulejus
392 2016 436 2062 in
460 2016 647 2063 Umbria
673 2016 934 2079 Nequinum
959 2014 1178 2077 oppidum
1200 2015 1393 2063 circum-

110 2085 234 2134 sedit.
269 2088 398 2134 locus
427 2103 520 2134 erat
549 2088 735 2145 arduus,
757 2100 890 2151 atque
924 2087 970 2133 in
1006 2099 1130 2149 parte
1158 2105 1246 2134 una
1275 2106 1391 2151 prae—

114 2177 218 2223 ceps
235 2196 249 2219 ,
266 2161 342 2208 ubi
367 2179 487 2209 nunc
510 2160 679 2207 Narnia
703 2160 780 2206 fita
807 2159 882 2206 est.
919 2175 1005 2208 nec
1030 2159 1109 2216 vi,
1132 2176 1214 2206 nec
1245 2161 1392 2207 muni-

115 2245 272 2279 mento
301 2234 397 2296 capi
429 2244 620 2297 poterat.
660 2235 811 2295 Itaque
844 2249 939 2278 eam
968 2230 1176 2278 infeEtam
1207 2249 1302 2279 rem
1329 2234 1393 2279 M.

115 2305 303 2352 Fulvius
317 2305 535 2366 Paetinus‚
551 2308 607 2354 T.
628 2305 821 2352 Manlius
839 2307 1099 2368 Torquatus
1112 2341 1124 2364 ‚
1145 2306 1259 2353 novi
1280 2322 1395 2351 con·-

118 2377 230 2425 sules
249 2415 263 2436 ‚
285 2391 568 2443 acceperunt.
598 2382 646 2427 In
672 2396 773 2427 eum
805 2395 970 2425 annum
1002 2396 1104 2426 cum
1131 2380 1192 2439 Q.
1212 2379 1395 2425 Fabium

121 2451 352 2498 consulem
379 2469 474 2499 non
504 2465 729 2516 petentem
755 2467 912 2498 omnes
932 2451 1131 2498 dicerent
1152 2450 1365 2498 centuriae
1378 2484 1395 2506 ‚

124 2523 272 2587 ipsum
306 2526 533 2572 auclorem
562 2525 686 2574 fuiffe
716 2526 871 2573 Macer
906 2523 1101 2572 Licinius
1135 2541 1185 2571 ac
1214 2523 1398 2568 Tubero
