1701 3008
327 190 417 241 3³4
483 177 1108 226 JO.FRE1NSHEM11
1153 179 1507 230 SUPPLEM.

324 282 575 331 quiescerent,
590 283 784 321 insolitum
801 282 985 323 bellatrici
1002 284 1095 324 Urbi
1112 284 1384 338 spectaculum,
1399 289 1483 337 Jani
1498 288 1601 329 aedes

325 345 448 385 clausa
479 347 554 393 est,
586 346 690 395 quod
726 346 912 385 indicium
953 348 1082 397 pacis,
1110 349 1193 399 post
1226 350 1363 390 Numae
1399 361 1600 402 tempora,

321 419 390 456 per
422 419 542 445 annos
578 407 699 446 ferme
732 408 1029 459 quadringentos
1063 410 1340 460 quadraginta,
1366 411 1488 451 visum
1518 427 1599 453 non

320 469 455 507 suerat.
500 470 589 519 Quo
621 471 781 508 nomine
817 470 990 510 miseram
1019 471 1129 510 fuisse
1160 472 1356 512 civitatem
1385 473 1600 515 Romanam

320 528 504 578 arbitror,
534 532 639 580 quod
666 532 860 582 perpetuis
887 533 1104 573 confli&ata
1127 532 1345 583 laboribus,
1370 537 1525 585 praemia
1548 536 1609 577 la2

320 590 462 631 borum
493 590 633 643 assequi
662 606 740 632 non
766 595 907 645 potuit.
944 608 1031 634 cum
1062 596 1166 635 enim
1199 610 1314 636 nemo
1343 597 1490 648 sapiens
1516 598 1602 638 bel-

317 652 422 701 lum,
447 653 514 692 nifi
541 655 647 705 pacis
678 668 789 707 ergo,
818 663 945 706 gerat3
981 656 1063 695 haec
1092 656 1182 696 urbs
1204 665 1264 696 tot
1284 659 1462 698 maximis
1490 658 1600 699 bellis

319 715 498 766 prospere
533 718 745 767 confestis,
764 731 836 757 nec
858 719 1060 770 impetrare
1080 727 1209 758 tamen
1232 733 1368 770 pacem
1387 721 1500 771 saepe,
1526 734 1602 761 nec

316 778 478 817 retinere
500 779 567 817 diu
585 779 731 818 didicit.
758 781 859 820 Nam
881 788 974 819 tunc
991 794 1163 831 quoque,
1182 782 1264 831 post
1287 782 1432 821 menses
1448 797 1525 834 non
1542 785 1597 824 ita

318 838 487 886 multos,
504 840 596 879 novi
622 848 780 880 terrores
805 843 990 891 nuntiati,
1010 842 1183 882 laetitiam
1210 844 1276 882 otii
1291 844 1355 883 vix
1377 844 1503 883 adhuc
1519 847 1604 884 aniss.

317 902 389 941 mis
411 912 632 954 perceptam
659 905 737 943 cito
758 904 1017 944 discusserunt.
1045 906 1146 944 Nam
1172 907 1208 944 ἃ
1231 906 1336 945 Sardi
1363 918 1491 945 recens
1511 906 1598 946 sub.-

316 965 417 1014 aeti,
443 966 576 1016 jugum
604 966 850 1006 excutiebant
876 981 885 1007 :
912 969 946 1007 Sc
970 966 1174 1007 Corsorum
1201 968 1456 1019 erumpebant
1472 969 1599 1008 confi-

318 1023 392 1063 lia:
424 1025 459 1063 &
488 1025 526 1062 in
553 1024 634 1075 ipsa
658 1024 767 1065 Italia
797 1026 952 1076 Ligures
978 1025 1189 1065 tumultum
1215 1035 1425 1067 moverant.

372 1084 457 1124 XV.
487 1085 587 1135 Ergo
611 1085 651 1125 L.
679 1085 869 1125 Postumio
906 1088 948 1126 A.
979 1087 1020 1127 F.
1045 1088 1087 1127 A.
1112 1088 1161 1127 N.
1186 1087 1349 1136 Albino,
1374 1089 1440 1139 Sp.
1468 1089 1599 1129 Carvi-

318 1143 373 1183 lio
401 1145 463 1195 Sp.
490 1144 530 1185 F.
554 1145 595 1185 C.
622 1147 671 1186 N.
705 1146 883 1186 Maximo
910 1147 1128 1187 consulibus
1153 1150 1353 1199 negotium
1379 1149 1534 1198 datum,
1554 1157 1597 1188 ut

320 1208 507 1247 exercitus
535 1208 832 1250 conscriberent.
862 1210 1000 1259 quibus
1025 1211 1210 1251 trifariam
1233 1211 1380 1260 divisis,
1404 1219 1447 1250 ut
1472 1211 1596 1251 hostes

317 1269 367 1309 ab
398 1283 472 1320 ope
493 1280 629 1310 mutuo
654 1272 810 1312 ferenda
836 1273 1163 1325 distringerentur,
1186 1275 1229 1314 L.
1256 1274 1463 1329 Postumius
1483 1275 1597 1325 Ligu..

316 1343 375 1369 res
399 1331 554 1371 adortus
580 1333 652 1381 est3
674 1335 738 1384 Sp.
767 1333 950 1373 Carvilius
974 1335 1134 1383 Corsos-3
1158 1336 1198 1374 in
1220 1333 1433 1376 Sardiniam
1453 1335 1490 1375 P.
1506 1335 1597 1374 Cor.

315 1390 438 1430 nclius
462 1393 543 1432 ivit.
570 1393 697 1443 Hujus
725 1394 855 1434 insulae
882 1395 1026 1436 coelum
1052 1395 1266 1446 insalubre,
1293 1397 1438 1436 morbis
1465 1398 1500 1437 &
1528 1411 1596 1448 pe·-

311 1451 475 1491 stilentia
499 1457 662 1493 tentavit
679 1457 888 1494 exercitum
908 1470 918 1496 ;
943 1456 1131 1508 multique
1154 1471 1200 1497 ex
1228 1472 1273 1497 eo
1300 1458 1477 1498 mortales
1501 1471 1591 1499 cum

315 1512 399 1562 ipso
435 1523 595 1563 praetore
620 1515 812 1566 absumti„
837 1517 953 1557 Unde
975 1517 1096 1557 elatos
1122 1519 1249 1558 animo
1271 1521 1407 1559 Sardos
1430 1520 1595 1560 consulis

315 1576 380 1625 Sp.
404 1576 557 1616 Carvilii
587 1578 773 1618 adventus
795 1565 947 1630 'frigenti
978 1581 1113 1630 proelio
1145 1583 1339 1623 coercuit:
1370 1583 1471 1622 Corfi
1497 1597 1594 1634 quoq

315 1651 390 1687 que
409 1638 456 1678 ab
478 1641 617 1679 eodem
639 1640 726 1680 sunt
751 1642 905 1682 subaffi.
945 1643 1007 1682 Ob
1033 1657 1094 1682 eas
1117 1656 1172 1682 res
1195 1643 1411 1694 triumphus
1438 1645 1504 1695 ipfi
1528 1646 1593 1685 de·-

314 1708 439 1739 cretus
467 1700 540 1749 est,
563 1715 678 1751 quem
695 1716 727 1742 a.
748 1703 783 1742 d.
806 1703 996 1743 Kalendas
1018 1703 1161 1754 Apriles
1179 1705 1297 1744 duxit.
1329 1705 1371 1745 In
1391 1705 1592 1756 Liguribus

314 1760 432 1799 etiam
459 1761 507 1800 ab
535 1761 655 1801 altero
673 1763 828 1802 consule
856 1766 891 1803 Sc
919 1766 1085 1804 exercitu
1113 1764 1300 1805 consulari
1329 1779 1386 1805 res
1409 1766 1504 1805 bene
1528 1780 1594 1817 ge-

311 1822 388 1862 stoe.
418 1824 466 1862 At
483 1824 613 1864 Romae
633 1825 776 1865 Tuccia
788 1827 895 1877 virgo
909 1826 1063 1866 Vestalis
1086 1828 1214 1868 incesti
1233 1829 1411 1868 damnata
1424 1859 1436 1875 ‚
1452 1842 1498 1868 eo
1516 1843 1593 1869 maa.

312 1886 397 1932 jore
417 1886 582 1935 probro,
605 1887 711 1937 quod
731 1887 1046 1928 consuetudinem
1068 1890 1183 1940 stupri
1212 1903 1300 1930 cum
1324 1890 1427 1930 servo
1449 1890 1592 1930 habue-

313 1954 395 1993 rat,
411 1945 475 1985 sua
501 1947 679 1998 fiaemanu
700 1949 904 1989 interemit.
943 1950 1123 1990 Censores
1150 1951 1290 1991 deinde
1318 1952 1359 1991 C.
1383 1951 1521 1991 Atilius
1543 1953 1590 1992 A.

314 2006 357 2045 F.
383 2008 425 2046 A.
456 2008 505 2048 N.
537 2009 701 2057 Bulbus,
726 2012 767 2050 A.
795 2011 1006 2051 Postumius
1033 2013 1077 2052 A.
1105 2012 1145 2052 F.
1171 2012 1211 2051 L.
1240 2013 1289 2052 N.
1317 2011 1499 2062 Albinus,
1529 2012 1590 2051 lu-

314 2067 430 2106 strum
459 2071 785 2121 quadragelimum
810 2072 947 2112 fecere.

382 2131 490 2170 XVI.
520 2133 608 2172 Hoc
625 2147 776 2184 quoque
805 2134 919 2174 lustro
940 2136 1139 2187 pauciores
1156 2166 1167 2184 ‚
1183 2149 1296 2186 quam
1317 2134 1591 2186 superioribus,

313 2191 424 2230 fuisse
447 2194 576 2233 censos
605 2201 837 2245 (numerum
853 2198 953 2236 enim
974 2211 1053 2236 non
1074 2199 1221 2248 reperio
1244 2197 1455 2245 traditum)
1482 2210 1589 2248 argu-

315 2262 492 2293 mentum
511 2256 586 2302 est,
611 2258 715 2308 quod
733 2259 781 2297 ad
803 2256 1018 2310 augendam
1038 2259 1259 2298 hominibus
1282 2259 1476 2298 civitatem
1499 2271 1591 2299 ceno

368 2388 390 2431 §
416 2388 507 2423 XIV.
531 2391 611 2424 Fast.
635 2392 783 2435 Capitol.
803 2393 925 2427 Zonar.
951 2395 1029 2428 Liv.
1053 2403 1119 2436 23,
1143 2405 1194 2437 34.
1228 2395 1303 2428 Col.
1322 2395 1469 2439 Capitol.
1499 2394 1596 2436 Flor„

313 2444 354 2470 2,
384 2444 413 2475 3,
443 2446 470 2466 1.
501 2435 589 2468 Vell.
617 2447 656 2476 2,
686 2438 795 2479 38,3.
831 2437 983 2473 Orofius.
1019 2439 1042 2485 §
1065 2440 1143 2476 XV.
1177 2439 1299 2475 Zonax.
1324 2441 1400 2476 Liv.
1422 2439 1511 2484 Epit.
1533 2451 1595 2479 22..

311 2477 392 2511 Col.
421 2477 569 2524 Capitol.
591 2480 736 2515 Mariam
758 2481 893 2515 Scotus.
