1701 3008
159 206 758 264 HISTORIARUM
792 172 926 256 LIBJ
973 210 1125 256 XXI.
1238 223 1330 272 357

28 324 319 390 (priusquam
338 321 603 385 responsum
628 317 838 383 daretur)
874 330 1107 382 argentum
1145 334 1329 364 aurum-

29 416 119 464 que
151 413 319 456 omne,
355 412 412 443 ex
443 387 632 459 publico
661 394 936 457 privatoque
963 391 1010 437 in
1040 390 1194 437 forum
1231 389 1332 436 col-

30 476 198 531 latum,
232 472 281 518 in
311 471 459 535 ignem
483 470 539 516 ad
562 469 607 515 id
624 468 788 532 raptim
813 467 979 514 fastum
1009 465 1331 526 conjicientes,

29 548 195 596 eodem
231 544 435 608 plerique
471 542 609 590 semet
644 541 726 605 ipsi
758 540 1176 604 praecipitaverunt.
1215 539 1334 585 Cum

31 638 91 669 ex
120 636 177 667 eo
209 633 361 682 pavor
393 633 445 664 ac
476 614 721 678 trepidatio
754 625 900 660 totam
928 612 1086 658 urbem
1117 610 1334 674 pervasis-

32 695 98 743 set
113 730 127 752 ,
162 692 273 739 alius
293 689 476 752 insuper
498 688 719 735 tumultus
738 704 794 734 ex
813 703 916 734 arce
933 686 1134 732 auditur.
1173 683 1335 733 Turris

33 766 113 812 diu
130 763 322 829 quassata
342 759 627 824 prociderat:
659 774 830 823 perque
853 757 1033 804 ruinam
1053 756 1147 820 ejus
1165 757 1335 804 cohors

32 841 288 887 Poenorum
309 835 483 898 impetu
509 834 628 881 sacto
648 850 754 881 cum
779 833 954 897 fignum
973 832 1239 895 imperatori
1260 832 1334 878 de-

32 914 188 972 disset,
220 910 435 958 nudatam
455 908 726 956 stationibus
748 906 1054 971 custodiisque
1088 904 1230 954 solitis
1250 906 1334 952 'no-

33 987 167 1034 stium
201 984 286 1031 effe
316 983 509 1038 urhem3
546 999 643 1029 non
663 980 966 1030 cunctandum
1001 979 1049 1026 in
1084 979 1163 1027 tali
1197 995 1335 1024 occa-

33 1062 162 1109 fione
195 1069 319 1106 ratus
352 1055 608 1114 Hannibal,
639 1055 750 1103 totis
783 1054 958 1103 viribus
978 1052 1217 1118 *aggressus
1254 1068 1333 1098 ur-

36 1136 171 1194 bem,
199 1143 439 1181 momento
467 1130 618 1194 cepit,
651 1129 780 1194 {igno
804 1129 912 1175 dato
932 1165 948 1187 ,
978 1140 1030 1174 ut
1063 1143 1222 1174 omnes
1251 1144 1337 1189 pu·-

38 1208 167 1256 beres
202 1203 578 1253 interficerentur.
609 1203 736 1267 quod
764 1201 1008 1265 imperium
1033 1201 1238 1260 crudele,
1265 1217 1338 1247 ce-

37 1299 186 1330 terum
210 1297 356 1345 prope
378 1278 666 1327 necessarium
688 1276 924 1341 cognitum
948 1275 1045 1340 ipso
1068 1286 1238 1322 eventu
1259 1274 1336 1321 est.

37 1354 131 1403 Cui
154 1353 275 1401 enim
304 1351 429 1416 parci
461 1350 613 1414 potuit
634 1367 690 1397 ex
716 1349 797 1408 iis,
830 1349 909 1413 qui
937 1360 1011 1395 aut
1040 1346 1200 1394 inclufi
1233 1363 1335 1393 cum

32 1427 316 1492 conjugibus
349 1443 402 1474 ac
436 1423 588 1472 liberis
622 1424 788 1470 domos
821 1422 951 1485 super
985 1421 1027 1468 se
1060 1420 1182 1484 ipsos
1221 1436 1337 1467 con-

36 1512 357 1552 cremaverunt
370 1536 382 1559 ‚
402 1510 478 1546 aut
498 1499 654 1546 armati
679 1497 853 1544 nullum
873 1507 975 1573 ante
994 1494 1130 1542 finem
1149 1511 1336 1559 pugnae,

35 1592 172 1641 quam
193 1574 442 1621 morientes
461 1608 475 1631 ‚
497 1569 734 1618 fecerunt?

81 1656 84 1658 ’
120 1648 226 1694 XV.
253 1647 453 1708 Captum
484 1641 707 1706 oppidum
737 1638 801 1686 est
830 1655 934 1687 cum
968 1637 1140 1702 ingenti
1169 1637 1335 1700 praeda.

37 1723 319 1784 Quanquam
350 1718 566 1783 pleraque
597 1715 653 1762 ab
674 1712 872 1761 dominis
894 1713 950 1759 de
979 1710 1196 1758 industria
1228 1727 1336 1758 cor-

39 1806 174 1857 rupta
209 1804 334 1840 erant
354 1828 369 1850 ,
401 1794 453 1840 &
483 1791 531 1838 in
563 1788 762 1838 caedibus
799 1788 892 1843 vix,
917 1787 1060 1835 ullum
1094 1785 1336 1833 discrimen

39 1868 185 1916 aetatis
217 1867 284 1914 ira
316 1866 512 1925 fecerat,
543 1868 594 1913 &
625 1863 800 1928 captivi
825 1863 1022 1910 militum
1051 1861 1337 1925 praedafue-

40 1954 169 1999 rant3
192 1952 342 1988 tamen
357 1942 408 1989 δε
424 1957 481 1986 ex
500 1939 648 2003 pretio
660 1955 811 1986 rerum
826 1937 1114 1985 venditarum
1132 1935 1336 1998 aliquan-

39 2026 138 2062 tum
161 2014 364 2078 pecuniae
385 2013 611 2059 redactum
628 2012 713 2059 effe
734 2010 934 2068 constat,
955 2011 1006 2056 &
1030 2008 1216 2056 multam
1235 2024 1335 2070 pre-

39 2087 203 2135 tiosam
242 2086 561 2150 supellectilem
597 2085 860 2150 vestemque
893 2082 1063 2129 missam
1101 2079 1341 2144 Carthagi-

41 2177 160 2208 nem.
197 2161 381 2208 octavo
416 2159 597 2219 mense,
631 2176 765 2223 quam
800 2169 1006 2221 coeptum
1045 2154 1335 2218 oppugnari,

40 2247 224 2299 captum
250 2235 495 2299 Saguntum
510 2269 524 2292 ‚
546 2232 726 2296 quidam
750 2228 990 2293 scripsere:
1024 2227 1127 2273 inde
1147 2226 1338 2273 Cartha-

41 2306 191 2371 ginem
218 2323 391 2353 novam
422 2305 469 2352 in
505 2305 691 2352 hiberna
718 2301 1019 2350 Hannibalem
1054 2298 1338 2347 conceffiffe:

42 2378 211 2444 quinto
245 2379 405 2427 deinde
441 2378 590 2440 mense
612 2415 626 2436 ‚
665 2394 795 2442 quam
827 2375 883 2424 ab
917 2372 1187 2437 Carthagine
1222 2388 1335 2435 pro-

44 2454 184 2500 fectus
219 2448 299 2512 ίὶῐ,Α
325 2453 372 2500 in
397 2446 564 2501 Italiam
593 2451 858 2517 pervenisse.
895 2449 1017 2510 Quae
1048 2448 1080 2494 fi
1114 2446 1173 2492 ita
1202 2446 1334 2500 sunt,

45 2524 144 2574 fieri
172 2543 268 2574 non
301 2526 483 2590 potuit,
504 2538 555 2574 ut
572 2528 618 2574 P.
639 2525 914 2585 Cornelius,
945 2522 1018 2570 Ti.
1040 2516 1335 2582 Sempronius

995 2595 1089 2654 Z3
