1701 3008
491 126 507 137 x

319 213 400 260 1N
446 212 611 259 LOC.
657 211 796 259 LIB.
838 211 959 259 XII
1005 211 1152 259 LIV.
1305 227 1391 278 105-

108 313 382 368 multitudine,
411 320 515 371 quod
547 332 664 371 penes
692 319 913 370 peregrinos
938 318 1150 359 molestiam
1180 321 1216 360 &
1243 318 1391 361 labores

108 376 209 433 effe,
235 385 300 426 fibi
327 385 448 425 otium
480 397 568 423 cum
599 383 799 422 securitate
831 383 1004 423 relietum
1030 383 1284 423 existimabat.
1325 397 1391 423 an.

106 459 209 487 nona
236 447 352 499 igitur
377 446 585 495 militibus,
608 445 770 496 pecunia
792 444 931 496 Pyrrho
945 477 955 494 ‚
977 442 1150 484 alacriter
1171 445 1334 485 decreta.

158 510 253 550 XX.
271 510 418 550 Interea
435 510 474 550 L.
488 507 664 550 AEmilius
681 506 915 547 transmarini
930 507 1061 547 militis
1078 508 1243 547 adventu
1260 508 1392 560 cogni-

106 579 165 622 to,
180 587 255 624 quo
281 573 488 612 tutioribus
513 571 606 611 locis
635 570 877 619 hibernaret,
892 571 1101 610 exereitum
1125 572 1163 609 in
1180 571 1389 611 Lucaniam

104 635 348 675 transducere
364 636 536 674 instituit.
568 634 656 674 Erat
678 634 748 672 iter
765 646 832 684 per
851 633 1026 683 angustos
1050 632 1231 684 quosdam
1249 631 1363 670 calles
1376 661 1390 680 ,

106 708 202 746 quos
234 696 281 735 ab
308 695 423 735 altera
448 687 556 746 parte
585 702 781 746 praeruptae
815 693 1001 743 inviaeque
1030 705 1164 743 rupes,
1195 692 1242 731 ab
1271 692 1389 732 altera

105 758 494 812 mareclaudebant:
525 761 559 798 &
586 757 784 798 intellecto
811 754 920 796 ducis
947 755 1110 796 Romani
1133 755 1290 794 conlilio
1313 755 1387 795 Ta.

103 821 246 860 rentini
262 834 376 861 naves
397 820 665 871 scorpionibus
683 822 717 860 &
740 819 894 859 ballistis
912 819 1108 858 instructas
1134 819 1389 857 admoverant

101 881 228 931 liton'3
258 882 501 933 militemque
523 895 590 933 per
615 884 737 921 arctos
755 883 788 922 ἃ·
807 880 995 921 obnoxios
1019 880 1188 919 tramites
1209 879 1388 918 inceden-

100 952 178 984 tem
207 944 403 984 miililibus
436 943 686 995 impetebant.
718 942 894 984 AEmilius
921 944 1022 998 viam
1048 943 1385 993 virtuti-negatam

99 1006 178 1055 astu
206 1006 414 1058 explicuit,
429 1008 613 1058 captivis,
630 1019 725 1057 quos
750 1007 789 1045 in
812 1005 994 1045 ultimum
1017 1008 1154 1057 agmen
1180 1007 1385 1054 rejecerat,

99 1069 216 1110 latera
240 1080 452 1122 praetexens
478 1071 684 1118 ordinum,
705 1083 789 1121 quae
812 1068 986 1121 periculo
1010 1069 1205 1121 patebant.
1233 1070 1384 1109 Horum

99 1133 357 1173 misericordia
389 1127 616 1183 Tarentini,
644 1135 735 1174 dum
773 1133 858 1174 suos
891 1134 1003 1173 ferire
1033 1143 1240 1180 metuunt,
1265 1134 1381 1173 etiam

98 1195 268 1236 hostibus
296 1206 563 1249 pepercerunt.
611 1198 704 1237 Haec
738 1197 858 1237 ferme
888 1210 934 1236 eo
960 1210 1060 1237 anno
1091 1197 1139 1236 ad
1159 1188 1382 1237 'Tarentum

98 1257 210 1308 gesta.
241 1258 372 1298 Romae
397 1272 486 1298 vero
511 1259 553 1299 C.
581 1259 774 1300 Fabricius
800 1258 1003 1307 Luscinus,
1026 1261 1089 1310 qui
1116 1260 1154 1298 in
1182 1257 1380 1298 consulatu

96 1316 166 1357 suo
182 1318 370 1358 Samnitas
385 1318 625 1370 Bruttiosque
642 1321 678 1358 Sc
695 1318 867 1359 Lucanos
884 1317 1062 1370 praeclare
1079 1320 1234 1364 vicerat,
1250 1320 1382 1357 trium-

98 1377 224 1429 phans
253 1378 490 1429 Capitolium
514 1380 698 1431 ingressus
718 1380 780 1420 est.
813 1381 1064 1431 Eundemque
1087 1379 1273 1420 honorem
1302 1392 1381 1418 non

96 1440 149 1480 ita
173 1440 302 1480 multis
325 1442 408 1493 post
426 1441 563 1482 diebus
586 1444 636 1494 Q.
653 1443 821 1483 Marcius
848 1441 983 1482 consul
999 1442 1188 1490 obtinuit,
1209 1454 1254 1481 ex
1274 1441 1380 1511 Etru-

97 1503 177 1553 ria,
213 1504 325 1544 rebus
351 1505 405 1543 ibi
438 1505 617 1556 prospere
640 1506 776 1556 gestis,
804 1505 982 1547 reversus.
1406 1509 1409 1512 ⁴

159 1569 274 1610 XXI.
307 1571 404 1620 Quae
433 1583 521 1610 eum
555 1570 691 1619 causa,
714 1571 816 1611 bello
847 1571 1004 1612 Etrusco
1036 1569 1210 1610 nondum
1241 1568 1375 1616 finito,

95 1643 143 1671 ex
163 1632 362 1682 provincia
380 1634 636 1682 revocaverit,
655 1641 829 1684 ternpore
845 1632 971 1672 alieno
999 1637 1119 1685 (nam
1133 1630 1326 1671 Fabricius
1342 1642 1376 1670 a.

95 1693 131 1733 d.
153 1694 205 1734 ΙΙΙ
230 1695 361 1734 Nonas
382 1695 539 1736 Martias
561 1695 840 1746 triumphavit)
871 1709 948 1735 non
976 1695 1159 1734 traditur:
1183 1705 1254 1743 ego
1278 1691 1377 1730 acci-

93 1764 175 1795 tum
204 1770 224 1796 a
251 1757 390 1798 Senatu
417 1759 612 1808 conjicio,
638 1759 700 1809 qui
728 1767 811 1797 tum
838 1757 1124 1809 exspectatione
1153 1754 1281 1806 Pyrrhi
1305 1754 1376 1793 sol-

92 1817 242 1868 licitus,
265 1821 435 1871 praefidia
462 1821 634 1872 undique
660 1819 923 1871 conquirebat.
953 1820 1054 1860 Nam
1081 1820 1116 1858 &
1138 1830 1183 1856 eo
1205 1817 1374 1868 primum

92 1887 287 1930 tempore,
311 1894 396 1920 curn
416 1890 527 1921 >tanta
550 1883 719 1933 undique
745 1881 836 1921 belli
866 1880 966 1919 mole
990 1887 1143 1926 coorta,
1165 1878 1372 1928 imperium

91 1939 264 1991 p¹uribus
292 1942 523 1982 exercitibus
555 1943 711 1982 defendi
743 1950 962 1993 oporteret,
993 1939 1207 1990 proletarii,
1228 1938 1374 1987 *quibus

92 2004 300 2054 antiquitus
315 2006 464 2043 vacatio
484 2005 628 2045 militia:
642 2007 788 2052 fuerat,
804 2005 1039 2044 sacramento
1063 2001 1182 2052 rogari
1209 2013 1374 2051 coepere.

91 2079 217 2115 arma,
247 2080 328 2117 quae
358 2080 488 2117 parare
513 2081 580 2118 per
604 2069 774 2119 inopium
803 2082 879 2107 non
904 2075 1101 2118 poterant,
1125 2065 1279 2117 publice
1306 2066 1371 2104 (la-

92 2137 157 2169 ta:
194 2137 235 2168 ut
261 2128 480 2179 legionibus
508 2129 599 2169 alibi
625 2132 848 2181 occupatis,
869 2129 949 2169 haec
978 2142 1109 2169 manus
1136 2141 1201 2179 per
1231 2127 1369 2177 globos

90 2192 130 2231 in
163 2191 280 2230 muris
307 2191 469 2242 foroque
497 2190 694 2242 disposita,
726 2192 949 2231 stationibus
977 2194 1011 2232 ἅ
1035 2190 1209 2230 excubiis
1233 2189 1369 2228 urbem

89 2259 270 2292 tueretur.
310 2254 445 2304 Neque
468 2261 598 2292 tamen
626 2252 682 2292 his
712 2253 874 2292 consiliis
898 2255 1014 2292 averti
1043 2253 1219 2304 potuiss'et
1247 2251 1372 2289 immi-

91 2326 182 2352 nens
206 2313 356 2363 clades,
383 2315 448 2354 nisi
474 2315 625 2354 fortuna
650 2314 755 2354 urbis
789 2315 1024 2365 imperatum·
1054 2311 1368 2363 periculolillimis·

92 2376 326 2426 temporibus
358 2378 530 2428 ingentes
558 2378 658 2439 viros
691 2376 928 2423 reservasset,
950 2388 993 2415 ac
1022 2375 1148 2414 neseio
1175 2388 1223 2415 an
1248 2374 1369 2413 maxi-

91 2451 172 2478 mos
194 2439 389 2488 omnium,
414 2441 479 2490 qui
503 2454 672 2492 unquam
700 2441 738 2479 in
762 2441 828 2480 ista
855 2441 1010 2480 civitate
1035 2439 1197 2485 luerint,
1219 2451 1294 2475 non
1314 2437 1366 2474 ira

102 2516 155 2586 ς
181 2543 270 2576 ΧΙΧ.
296 2543 416 2577 Zonar.
437 2544 577 2578 Pausan.
600 2545 686 2579 Plut.
714 2547 735 2590 ς
762 2545 835 2578 XX.
862 2545 976 2579 Front.
1004 2556 1039 2585 ι,
1058 2556 1089 2584 4.
1107 2543 1230 2576 Zonar.
