1701 3008
262 245 343 291 IN
380 241 916 306 Loc.L113.x1x
963 241 1109 290 mv.
1262 256 1350 306 293

65 352 145 393 dum
167 353 418 408 enimftatrum
434 352 643 405 egregiorum
655 350 760 404 sama
782 351 862 390 alia
884 363 1047 390 matronae
1065 367 1133 391 non
1148 351 1260 404 inepte
1279 352 1357 405 glo-

64 417 220 455 riantur.-
246 417 297 454 ita
325 415 389 453 tihi·
415 415 471 452 lu'c
495 414 621 467 pudori
648 413 726 465 effer
740 444 754 461 ,
768 414 803 465 fi
825 413 1013 465 quidquam
1038 415 1137 465 apud
1161 425 1193 451 te
1209 415 1357 467 pudoris

67 489 260 515 remaneret.
297 477 372 516 Sed
395 476 612 529 ignosiamus
635 474 777 528 fiminae
797 475 931 523 nobili,
945 477 984 527 si
994 475 1141 527 fratrem
1160 476 1265 529 stulte
1281 474 1359 528 sor.

66 538 161 589 taffis
175 569 186 587 ,
197 541 265 593 sed
278 551 392 578 tamen
415 539 474 591 pie
490 538 708 590 desideravit.
730 538 830 575 immo
856 538 1026 591 absolvite
1045 553 1140 586 eam,
1153 540 1191 589 st
1212 551 1282 576 tam
1307 540 1362 576 in-

37 644 39 647 ·
62 603 188 655 solens
203 604 420 655 ineptumque
432 612 550 639 votum
564 630 574 648 ,
590 614 695 653 quam
713 599 819 652 causa
839 601 987 653 optandi
1008 599 1258 637 abominabilis
1270 600 1361 652 ficit.

37 662 46 674 ⁴²
70 666 139 704 Cur
161 665 250 702 enim
273 663 414 716 voluisti
436 662 583 715 fiatrem
604 662 838 714 reviviscere?
863 673 901 699 ut
917 661 1068 715 aspeblus
1086 663 1277 715 propinqui
1300 663 1361 702 lzo..

68 729 174 766 minis
196 741 229 767 te
255 729 450 767 recrearet?
480 739 519 765 ut
543 740 646 780 opera
668 724 743 779 ejus
768 726 944 773 utilitati,
970 726 1157 764 auHoritas
1174 711 1360 778 praefidio2

69 790 215 829 honores
235 801 435 829 ornamento
463 788 597 841 effint?
617 787 712 826 nilzil
739 787 868 826 liorum.
902 788 989 840 quid
1011 788 1151 840 igitur?
1175 800 1214 826 ut
1239 789 1360 826 iterum

67 852 200 905 claffim
230 855 376 891 duceret.
440 851 526 890 Hoc
552 850 641 890 enim
672 861 770 898 erat,
795 864 814 888 o
833 849 1093 903 scelestffimum
1119 861 1250 902 caput,
1277 864 1359 898 cur,

68 928 237 967 quantum
263 916 302 954 in
333 926 364 953 te
384 912 488 967 ficit,
501 913 672 968 suscitare
695 905 870 961 mortuos,
894 924 1057 951 naturam
1072 912 1110 950 in
1126 912 1278 950 ordinem
1304 927 1361 950 co-

63 991 140 1031 gere
154 1009 166 1027 .,
198 975 384 1032 inferorum
410 975 594 1032 restingere
626 975 774 1031 claustra
809 976 968 1031 cupivisti
982 1005 997 1024 ,
1023 988 1062 1015 ut
1087 976 1247 1030 reperires
1264 1006 1277 1026 ,
1295 991 1363 1029 per

66 1054 163 1094 quem
185 1041 384 1093 periremus.

122 1111 262 1152 XLIV.
295 1111 385 1150 Hac
411 1111 480 1164 est,
503 1110 687 1163 Quirite5‚
711 1109 812 1164 cujus
836 1109 985 1163 misereri
1011 1123 1077 1150 vos
1101 1109 1222 1161 jubent
1237 1140 1252 1159 ,
1275 1110 1359 1162 qui,

68 1174 148 1212 dum
171 1175 280 1213 bonos
304 1175 345 1228 se
371 1174 586 1228 propinquos
613 1174 793 1227 probant,
823 1174 888 1212 vix
909 1172 1004 1226 satis
1031 1184 1179 1219 cavent,
1204 1187 1244 1211 ne
1275 1172 1362 1210 mali

46 1269 49 1271 .
73 1237 168 1275 cives
193 1238 400 1276 habeantur.
432 1237 485 1275 Et
505 1248 622 1275 tamen
646 1236 826 1285 intercedit
852 1251 969 1283 nemo,
990 1237 1073 1289 quin
1092 1236 1240 1289 ipsorum
1261 1236 1363 1274 arbi-

71 1311 168 1337 tratu
200 1299 452 1351 misereamini,
490 1316 502 1336 l
533 1298 735 1353 cujltfifliam
762 1300 904 1354 vestrum
934 1299 1001 1338 illa
1028 1299 1165 1353 miserta
1194 1299 1247 1352 est.
1295 1299 1364 1336 Sin

69 1375 148 1399 vero
169 1361 255 1399 aliis
279 1360 480 1406 interitum,
496 1359 583 1398 aliis
603 1360 726 1398 lunum
750 1359 784 1398 δ’
814 1361 1020 1410 orbitatem,
1035 1359 1194 1398 omnibus
1214 1358 1363 1398 calami-

69 1433 172 1461 tatem
185 1452 198 1469 ,
225 1422 356 1460 cladem
372 1451 386 1468 ‚
406 1421 530 1474 pestem
553 1421 740 1474 imprecata
759 1422 828 1475 est,·
855 1433 926 1460 tam
956 1423 1073 1476 inepta
1101 1420 1363 1474 mansuetudine

70 1487 249 1539 quisquam
274 1486 362 1533 erit,
387 1496 426 1523 ut
454 1484 611 1523 animum
642 1497 713 1524 tam
744 1485 896 1538 hostilem
913 1515 924 1533 ‚
952 1487 1024 1523 tart'z
1055 1483 1227 1537 infensum
1243 1513 1254 1532 ‚
1290 1495 1363 1521 tam

69 1550 296 1587 inhumanum
319 1547 395 1586 ulla
414 1547 646 1599 misericordia
674 1547 817 1600 dignum
836 1548 1002 1601 existimet
1015 1549 1037 1586 ?
1067 1548 1193 1600 Mtper
1209 1561 1283 1585 cum
1309 1547 1363 1584 lu-

61 1611 133 1663 stro
159 1610 308 1664 confeHo
336 1610 465 1649 civium
493 1623 668 1650 numerum
699 1608 854 1662 censores
889 1609 1088 1662 edidiffi’nt,
1121 1609 1182 1662 qui
1212 1609 1365 1661 gemitus

72 1673 272 1722 hominum,
303 1685 439 1726 quanta
466 1671 623 1725 moestitia
643 1670 750 1724 filit?
778 1685 978 1725 quanquam
999 1670 1112 1708 multa
1134 1670 1291 1724 prospere
1301 1683 1367 1722 per

72 1751 185 1775 annos
210 1737 290 1791 istos
311 1747 497 1776 evenerant
512 1767 523 1784 ‚
543 1735 608 1774 vix
633 1747 748 1774 tamen
770 1735 870 1774 bonis
898 1735 987 1773 viris
1010 1734 1106 1787 satis
1132 1733 1243 1786 fizlva
1267 1733 1364 1771 vide-

71 1802 173 1840 batur
195 1802 430 1854 Respublica,
455 1814 530 1853 quae
558 1799 674 1838 minus
699 1813 791 1837 nune
809 1799 938 1837 civium
957 1791 1148 1836 numeraret
1162 1826 1172 1844 ,
1189 1811 1290 1849 quam
1301 1797 1367 1850 fii-

67 1864 200 1915 periore
212 1864 314 1917 lustro
334 1862 514 1914 hab1iiffet.
532 1864 587 1902 At
602 1863 670 1900 lzoec
690 1861 829 1900 illorum
838 1861 980 1915 jaflura
994 1891 1005 1906 ‚
1028 1859 1088 1912 qui
1105 1861 1255 1912 periere,
1271 1857 1366 1897 nihil

73 1936 260 1962 movetur:
291 1925 354 1962 hoc
378 1923 494 1972 dolet,
517 1924 612 1976 quod
639 1923 750 1975 aliqui
776 1923 1041 1975 superfuerunt:
1078 1920 1221 1958 nimiam
1246 1921 1365 1958 Romae

72 1986 206 2023 turbam
232 1985 294 2036 effe
317 1984 469 2036 queritur
480 1999 495 2031 ,-
511 1984 709 2037 reviviscere
728 1996 828 2036 optat
844 1998 917 2022 eum
937 1982 1065 2035 ipsum,
1084 1981 1183 2035 cujus
1211 1981 1365 2019 maxime

72 2050 175 2102 culpa
193 2047 387 2103 stiperioris
408 2047 530 2100 cenfiis
547 2048 702 2085 rationes
723 2049 904 2086 decrevere.
936 2046 1006 2084 Sed
1027 2045 1105 2098 ipsa
1132 2045 1266 2097 quidem
1289 2059 1364 2083 mu-

73 2112 138 2151 lier
150 2114 295 2165 indigna
315 2113 359 2165 est
376 2111 608 2162 misericordia
623 2111 755 2162 vestr-z:
774 2123 915 2149 ceterum
926 2110 964 2162 si
982 2108 1069 2162 quid
1077 2108 1241 2162 peccavit
1254 2137 1266 2156 ‚
1287 2122 1360 2146 ma-

65 2173 205 2227 joribus
227 2174 301 2228 ejus
328 2174 361 2212 ἐξ)
381 2174 478 2227 patri
500 2173 769 2211 condonabitis!
1224 2186 1227 2187 ⁷

128 2243 248 2284 XLV.
280 2246 363 2284 Hoc
385 2244 493 2296 igitur
512 2242 575 2295 jus
590 2242 627 2279 in
645 2241 788 2279 civitate
813 2242 925 2295 nostra
937 2241 1128 2294 statuemus
1146 2271 1158 2289 ‚
1172 2252 1211 2278 ut
1222 2240 1262 2292 fi
1281 2238 1362 2293 quis

68 2306 194 2357 patriae
216 2320 351 2359 quoquo
376 2307 477 2345 modo
497 2303 662 2357 profitiffi:¹
686 2304 847 2352 dicatur,
874 2303 952 2357 ejus
975 2303 1100 2356 posteri
1121 2302 1249 2356 poffint
1277 2318 1359 2341 ean-

75 2369 148 2405 dem
175 2369 272 2406 illam
293 2369 446 2422 patriam
468 2369 604 2420 impune
629 2368 779 2405 laedere?
814 2367 968 2406 Minime
990 2365 1142 2420 prosel‘lo
1156 2367 1209 2418 fic
1225 2365 1361 2420 sensere

75 2428 221 2482 majores
245 2431 368 2482 nostri,
388 2430 448 2481 qui
471 2432 530 2469 M.
556 2429 738 2468 Asarzlium
757 2430 800 2466 de
821 2430 920 2482 saxo
952 2429 1147 2482 dejecerunt
1162 2459 1174 2477 ‚
1196 2443 1271 2467 cum
1293 2429 1359 2466 Ca-

71 2492 234 2544 pitolium
250 2521 261 2540 ,
283 2492 440 2530 ultimam
468 2505 539 2530 tum
557 2493 655 2544 spem
681 2493 832 2531 Romani
863 2492 999 2543 generis
1014 2522 1024 2538 ,
1046 2506 1117 2530 non
1133 2503 1235 2544 pater
1255 2489 1363 2542 ipsius

74 2569 136 2596 aut
160 2571 250 2595 avus
274 2569 338 2594 aut
356 2557 609 2610 progenitorum
641 2557 802 2609 aliquis,
822 2557 889 2608 sed
913 2557 986 2610 ips}
1014 2555 1232 2609 seruaviffet.
1281 2556 1365 2592 Noe

997 2619 1097 2676 T3
