1701 3008
341 184 423 248 1N
458 197 619 249 Loc,
662 196 799 248 ΜΒ.
842 195 957 243 xx
1003 196 1147 245 ων.
1315 208 1404 256 331

124 308 182 353 nis
195 338 207 356 ,
228 310 263 348 Sc
282 308 375 347 dum
392 306 508 345 castra
528 314 726 355 ponuntur
741 335 752 353 ,
776 305 910 343 acriter
935 303 1170 342 incurrentes
1189 300 1315 341 hostes
1335 301 1411 341 Ro*

127 382 329 413 manorum
356 367 458 407 haud
485 379 629 417 paucos
655 366 891 405 occiderunt.

178 432 333 473 XLVII.
379 431 436 471 Ex
469 429 604 470 harum
636 443 762 469 rerum
790 429 936 469 nuntiis
962 434 1086 467 ortam
1110 424 1410 467 sollicitudiuem

126 493 358 537 immensum
383 505 522 534 auxere
549 492 749 543 prodigia,
771 491 876 541 quod
897 491 933 528 ὶη
963 491 1092 529 Piceno
1111 490 1244 539 flumen
1263 488 1415 539 manqffe

122 557 316 609 fhnguitze,
333 557 370 594 in
387 556 535 593 Etruria
557 553 674 593 coelum
691 555 808 592 ardere
824 554 937 606 vifirm
951 583 962 599 ‚
980 551 1136 591 Arimini
1158 552 1257 589 ηοὲῖιι
1275 549 1413 601 [ακξθὲ,

126 621 256 672 tresque
282 620 387 658 lunas
407 620 519 657 eodem
547 629 690 669 tempore
713 614 907 669 apparuiffi·
925 644 935 661 ‚
958 613 1224 653 nuntiabatur:
1257 614 1292 652 ἃ
1309 611 1416 662 quod

136 681 270 719 Romae
287 671 334 718 in*
351 681 434 718 foro
459 677 588 717 vultur
606 690 672 727 per
696 677 775 716 dies
800 675 1018 725 complures
1045 675 1200 714 secie-rat.
1229 686 1317 712 nam
1346 672 1415 712 sub

135 741 235 781 idem
264 743 363 781 forte
388 750 542 790 tempus
568 738 676 777 caria
699 746 807 780 motu
837 745 944 776 terrae
973 736 1152 776 concussa
1169 767 1179 785 ,
1208 738 1243 776 Sc
1269 735 1419 786 collap-

136 803 198 842 sus
229 802 357 842 Rhodi
385 799 549 839 colossus
577 797 675 837 nihil
702 807 786 837 tum
815 798 863 839 ad
890 811 969 838 rem
998 798 1211 838 Romanam
1234 798 1422 849 pertinere

137 863 400 907 credebantur.
451 863 674 902 Ceterorum
707 860 816 899 causa
845 859 1010 900 consulti
1043 873 1228 910 augures,
1263 860 1420 913 consules

138 927 230 966 vitio
248 938 380 974 creatos
392 924 504 966 videri
520 954 531 971 ,
548 921 840 973 responderunt,
862 921 1075 973 secutaeque
1091 922 1176 961 sunt
1192 923 1352 962 Senatus
1373 920 1422 960 ad

140 1000 206 1028 eos
230 987 370 1033 literae,
401 984 539 1037 quibus
561 985 599 1023 in
628 985 770 1025 Urbem
802 984 1088 1026 revocabantur.
1127 984 1186 1026 Illi
1216 986 1316 1023 inter
1341 983 1422 1022 haec

140 1062 206 1100 per
236 1050 410 1088 inducias
439 1047 640 1088 Insubrum
667 1060 757 1097 agro
787 1046 1046 1094 excesserant,
1066 1047 1206 1086 deinde
1232 1047 1272 1085 in
1301 1046 1426 1086 Ceno-

143 1124 346 1160 manorum
376 1110 514 1150 finibus
544 1109 735 1149 sociorum
771 1108 923 1149 adscitis
950 1108 1103 1149 auxiliis
1124 1140 1135 1157 ‚
1161 1109 1298 1147 iterum
1323 1121 1425 1148 cam-

143 1188 213 1226 pos
231 1173 390 1226 Alpibus
409 1174 647 1224 subjacentes
673 1172 846 1212 infestare
862 1180 1086 1223 coeperant3
1112 1171 1353 1222 permotique
1372 1171 1428 1218 ira

143 1235 345 1286 Insubres,
370 1237 488 1277 etiam
514 1236 636 1276 aureis
664 1234 774 1286 signis
799 1246 847 1281 ex
875 1234 957 1273 a’de
978 1233 1166 1274 Minervae
1192 1232 1426 1282 depromitis,

147 1305 229 1350 q‘uae
253 1298 443 1338 immobilia
466 1297 725 1346 vocabantur,
743 1298 847 1347 quod
867 1296 934 1336 nisi
962 1295 1013 1336 ob
1038 1304 1250 1335 extremam
1274 1293 1429 1334 necesti-

146 1371 264 1409 tatem
282 1362 426 1402 moveri
449 1362 506 1402 fas
527 1375 606 1401 non
626 1361 737 1409 essct,
755 1372 843 1400 cum
863 1361 1034 1400 exercitu
1053 1358 1329 1410 quinquaginta
1348 1357 1432 1397 mil·

148 1423 245 1464 lium
273 1433 536 1473 occurrerant,
564 1425 646 1463 acie
674 1423 906 1464 dimicaturi.

202 1487 380 1532 XLVIII,
407 1487 494 1527 Hoc
518 1487 566 1526 ad
592 1493 746 1536 tempus
768 1486 884 1525 literae
909 1485 1069 1525 Senatus
1095 1497 1244 1525 venere.
1278 1483 1322 1523 C.
1351 1481 1434 1523 Fla«

149 1550 291 1590 minius
317 1550 389 1589 live
418 1551 639 1599 conjectura
667 1561 795 1587 earum
824 1557 1092 1598 argumentum
1124 1547 1336 1595 assecutus,
1359 1545 1435 1589 sivo

150 1613 270 1654 literis
310 1614 526 1654 amicorum
556 1613 851 1664 praemonitus?
863 1610 1020 1662 collegae
1052 1610 1252 1661 persuasit,
1285 1624 1326 1648 ne
1355 1621 1437 1647 ame

149 1691 305 1731 pugnam
329 1676 532 1728 commiffizm
548 1676 866 1729 aperirentur-Sic
883 1674 1072 1716 obstinato
1099 1674 1147 1714 ad
1172 1672 1435 1712 dimicandum

152 1739 310 1787 animo,
329 1738 377 1778 de
402 1737 552 1776 auxiliis
580 1735 776 1777 Gallorum
797 1735 1088 1783 deliberabant,
1114 1749 1154 1773 ne
1171 1733 1267 1786 fhrte
1287 1733 1437 1787 negleaela

154 1801 295 1854 causam
308 1800 452 1839 nocendi
470 1800 627 1838 haberent
639 1815 654 1847 ;
667 1798 840 1847 adhibita,
854 1799 1068 1850 occafionem.
1085 1795 1218 1835 levitas
1235 1795 1337 1834 enim
1354 1806 1439 1843 gen-

155 1864 207 1904 tis
233 1862 466 1910 timebatur,
492 1861 695 1913 praesertim
716 1859 892 1900 adversus
921 1869 1127 1909 cognatum
1154 1857 1300 1906 hostem
1326 1856 1440 1895 susci-

158 1924 300 1976 piendo
317 1923 467 1974 proelio.
491 1923 649 1962 tandem
672 1921 747 1961 hoc
763 1920 961 1961 consilium
985 1920 1141 1971 placuit.
1170 1918 1299 1959 Gallos
1324 1919 1363 1958 in
1377 1918 1438 1958 ul-

159 1988 342 2029 teriorem
369 1988 492 2036 ripam
519 1985 721 2024 miserunt:
752 1984 892 2024 deinde
918 1990 1102 2034 ruperunt
1125 1990 1275 2033 pontes.
1302 1981 1440 2020 Itane-

160 2061 236 2100 que
260 2047 349 2090 laedi
377 2048 424 2089 ab
453 2049 499 2088 iis
530 2049 728 2088 Romanus
752 2054 923 2098 poterat,
951 2047 986 2085 Sc
1021 2044 1132 2094 copia
1160 2043 1260 2094 sugae
1286 2042 1440 2093 penitus

159 2110 313 2160 ablata,
329 2111 458 2150 omnia
475 2110 512 2148 in
526 2111 665 2150 virtute
686 2119 764 2148 crat
779 2108 989 2148 habiturus.
1023 2106 1103 2146 Post
1124 2117 1210 2145 acre
1235 2104 1445 2155 proelium,

164 2174 326 2214 victoria
349 2172 530 2214 Romanis
559 2170 684 2220 ceffit3
715 2171 853 2220 majori
884 2169 1126 2208 tribunorum
1155 2165 1296 2213 laude,
1327 2177 1443 2215 quam

169 2237 382 2278 consulum.
420 2237 520 2277 Nam
545 2236 586 2275 C.
613 2235 820 2276 Flaminius
847 2233 968 2273 aciem
1002 2232 1052 2270 ita
1079 2231 1167 2281 ripae
1187 2229 1353 2269 fluminis
1374 2229 1448 2267 ad-

169 2309 343 2349 moverat
357 2332 370 2351 ,
391 2310 434 2341 ut
453 2299 551 2339 nihil
575 2300 625 2340 ad
650 2308 847 2350 receptum
868 2295 1086 2336 cohortium
1106 2293 1340 2344 relinqueret
1366 2290 1448 2341 spa-

214 2425 235 2462 Ε
259 2425 378 2460 XLVI.
406 2425 524 2470 Polyb.
553 2425 653 2460 Oros.
682 2437 717 2466 4,
738 2434 788 2467 13.
810 2422 895 2457 Fast.
913 2421 1062 2467 Capitol.
1092 2420 1166 2454 [ἰν.
1193 2419 1282 2463 Epir.
1307 2427 1360 2448 20.
1385 2414 1452 2448 Zo-

171 2470 291 2550 gnsss
317 2470 450 2506 ‘'LVU.
474 2472 593 2516 Polyb.
616 2482 654 2515 2,
677 2470 844 2516 32.’l'lut.
883 2468 1020 2502 Marcel.
1040 2479 1069 2501 c.
1097 2478 1119 2508 4
1138 2465 1240 2504 &40-
1264 2461 1453 2497 Marianus.

207 2526 245 2550 ro
266 2538 274 2552 .
298 2526 318 2557 4
336 2541 343 2556 ,
361 2525 413 2559 ¹3·
