1701 3008
304 196 366 258 46
666 170 1235 238 T1T1L1V11

305 314 520 360 vaverat‚
552 302 600 349 &
625 299 823 364 legiones
851 298 1131 356 concitavit,
1151 299 1202 345 &
1237 296 1491 362 signumad
1516 297 1588 346 ins

305 377 539 425 vadendos
561 373 705 420 hostes
734 372 961 436 equitibus
982 372 1116 419 dedit.
1161 373 1258 419 Nec
1285 372 1588 420 sustinuerunt

305 451 520 497 Samnites
554 449 804 508 impetum;
840 458 1092 509 praeterque
1129 445 1272 492 aciem
1308 445 1444 508 ipsam
1480 447 1587 493 Gal-

304 525 476 575 lorum,
503 519 662 565 relictis
691 519 737 564 in
770 518 1062 576 dimicatione
1090 517 1251 576 sociis,
1278 518 1333 564 ad
1362 518 1501 566 castra
1524 517 1587 565 ef·

303 593 401 639 fuso
431 591 559 638 cursu
579 589 845 636 ferebantur.
882 589 1032 646 Galli,
1054 587 1274 637 testudine
1301 588 1413 637 facia
1433 626 1446 648 ,
1468 606 1585 637 con-

302 661 403 709 ferti
425 661 610 707 stabant.
640 661 758 708 Tum
776 659 977 717 ¹fabius,
1003 658 1152 706 audita
1187 671 1335 707 morte
1369 661 1585 722 collegae,

302 735 641 794 Campanorum
673 729 788 776 alam
808 761 823 785 ‚
846 729 1117 794 quingentos
1144 729 1236 777 fere
1271 729 1470 794 equites,
1501 746 1584 775 ex-

301 805 460 853 cedere
489 804 582 850 acie
612 803 762 865 jubet,
783 804 834 851 &
852 803 1183 852 circumvectos
1213 804 1267 851 ab
1284 814 1414 869 tergo
1445 803 1585 850 Galli-

302 895 400 924 cam
434 877 644 937 invadere
682 875 823 922 aciem
853 894 864 923 :
893 877 1036 923 tertiae
1069 876 1228 924 deinde
1255 876 1447 939 legionis
1478 873 1584 920 sub·

301 951 424 1013 sequi
450 949 673 1011 principes
692 984 706 1008 ,
738 951 812 1007 &‚
838 964 924 1010 qua
945 952 1172 994 turbatum
1199 966 1357 1010 agmen
1387 947 1583 994 hostium

301 1026 508 1071 viderent
542 1022 714 1084 impetu
749 1021 950 1085 equitum
968 1057 982 1080 ‚
1012 1021 1172 1069 instare
1204 1039 1255 1069 ac
1284 1023 1465 1069 territos
1494 1039 1583 1069 cae-

300 1101 418 1146 dere.
468 1097 561 1160 lpse
597 1096 736 1143 aedem
767 1096 873 1144 Jovi
904 1096 1084 1143 Viaori
1120 1096 1351 1160 spoliaque
1388 1095 1583 1143 hostium

299 1189 401 1219 cum
430 1169 626 1218 vovisset
641 1205 656 1226 ,
687 1168 740 1215 ad
776 1167 913 1216 castra
941 1168 1207 1215 Samnitium
1236 1168 1462 1231 perrexit3
1485 1182 1580 1230 quo

292 1243 539 1290 multitudo
575 1240 724 1289 omnis
763 1240 1047 1287 consternata
1082 1241 1308 1304 agebatur.
1357 1239 1447 1286 Sub
1483 1237 1580 1301 ipso

299 1317 425 1364 vallo
446 1353 459 1371 ,
493 1316 597 1380 quia
636 1325 805 1361 tantam
837 1314 1170 1360 multitudinem
1205 1325 1348 1376 portae
1381 1327 1478 1358 non
1506 1327 1580 1357 re-

298 1406 476 1451 cepere,
494 1399 662 1435 tentata
683 1388 737 1433 ab
761 1385 943 1433 exclusis
967 1386 1098 1434 turba
1125 1385 1308 1433 suorum
1338 1400 1484 1450 pugna
1504 1382 1579 1428 est.

296 1462 362 1509 Ibi
385 1461 560 1508 Gellius
591 1460 804 1524 Egnatius
836 1459 1081 1523 imperator
1102 1458 1369 1506 Samnitium
1402 1455 1581 1514 cecidit.

298 1533 516 1596 compulfi
546 1532 706 1579 deinde
732 1532 847 1578 intra
870 1533 1042 1580 vallum
1071 1532 1313 1579 Samnites:
1343 1544 1580 1593 parvoque

296 1606 536 1655 certamine
572 1618 699 1669 capta
733 1604 898 1664 castra,
926 1607 977 1653 &
1004 1606 1125 1652 Galli
1150 1605 1204 1652 ab
1227 1616 1353 1689 tergo
1384 1602 1580 1649 circum-

296 1680 438 1727 venti.
471 1680 595 1727 Caesa
625 1697 681 1727 eo
702 1679 773 1726 die
790 1680 984 1727 hostium
1005 1671 1167 1745 viginti
1189 1680 1387 1744 quinque
1414 1676 1578 1733 millia,

297 1753 403 1810 οξῖο
440 1766 578 1816 capta.
616 1769 701 1801 nec
740 1753 976 1800 incruenta
1009 1754 1200 1802 victoria
1232 1753 1329 1800 fuit.
1377 1769 1478 1798 narn
1520 1766 1578 1796 ex

297 1826 345 1873 P.
382 1826 516 1873 Decii
547 1825 748 1873 exercitu
790 1825 898 1873 caesa
935 1826 1098 1889 septem
1133 1825 1303 1880 millia3
1336 1840 1391 1870 ex
1426 1822 1578 1877 Fabii,

297 1897 419 1944 mille
445 1915 494 1944 ac
526 1898 718 1946 ducenti.
765 1898 948 1957 Fabius,
979 1899 1084 1944 dimi
1090 1899 1159 1945 ssis
1197 1898 1250 1944 ad
1284 1896 1577 1959 quaerendum

299 1970 485 2033 collegae
518 1987 706 2032 corpus,
734 1970 875 2033 ipolia
909 1971 1103 2018 hostium
1140 1969 1383 2041 conjecta
1373 1988 1420 2016 in
1453 1985 1575 2014 acer-

297 2060 359 2088 vu
366 2061 406 2088 m
424 2043 527 2089 Jovi
545 2040 717 2090 Victori
739 2044 971 2091 cremavit.
993 2044 1205 2091 Consulis
1225 2057 1388 2106 corpus
1408 2058 1463 2088 eo
1486 2040 1576 2099 die,

298 2115 404 2178 quia
438 2115 648 2162 obrutum
676 2114 945 2178 superstratis
975 2117 1212 2163 Gallorum
1239 2115 1428 2163 cumulis
1449 2125 1572 2171 erat,

294 2187 489 2233 inveniri
526 2206 619 2236 non
656 2190 821 2252 potuit.
850 2188 1050 2252 ‘postero
1084 2191 1153 2236 die
1190 2190 1426 2236 inventum
1456 2187 1573 2232 rela-

293 2276 477 2323 tumque
503 2263 563 2308 est
584 2281 684 2310 cum
708 2262 857 2310 multis
878 2263 1066 2310 militum
1088 2263 1296 2310 lacrimis,
1331 2259 1572 2307 Intermissa

294 2333 397 2380 inde
434 2335 637 2395 omnium
665 2335 850 2382 aliarum
881 2354 1025 2384 rerum
1055 2353 1185 2393 cura,
1207 2335 1360 2381 Fabius
1387 2332 1571 2396 collegae

292 2403 428 2449 funus
455 2405 580 2449 omni
601 2406 778 2452 honore
800 2407 1086 2471 laudibusque
1110 2406 1278 2453 meritis
1300 2404 1504 2453 celebrat.

361 2484 515 2533 XXX.
566 2486 623 2532 Et
656 2486 703 2533 in
739 2488 913 2536 Etruria
948 2506 1028 2551 per
1062 2488 1240 2535 eosdem
1269 2487 1360 2535 dies
1397 2487 1454 2535 ab
1483 2487 1567 2533 Cn.
