1701 3008
318 140 372 170 12
669 117 1235 165 T1T1L1vl1

311 235 406 277 lant
419 265 433 287 ‚
451 231 535 292 sed
555 244 600 274 ut
623 228 823 284 adjuvent
843 244 916 273 vos
933 228 1117 272 homines
1128 225 1286 286 plebeji
1303 229 1461 274 divinis
1478 247 1581 294 quof

311 325 384 368 que
400 308 513 351 rebus
522 306 801 365 procurandis
815 339 829 360 ‚
837 303 942 365 sicut
960 305 1006 348 in
1025 305 1160 348 ceteris
1179 304 1374 349 humanis
1385 298 1466 364 pro
1476 323 1583 364 par-

313 395 349 424 te
375 382 488 425 virili
507 376 728 431 adjuvant.
759 377 866 421 Noli
884 376 1121 435 erubescere,
1147 378 1296 436 Appi,
1318 380 1512 438 collegam
1533 377 1582 421 in

302 452 534 512 sacerdotio
565 450 705 494 lzabere
719 482 733 506 ,
753 466 869 508 quem
897 451 944 493 in
962 449 1126 508 censura
1140 483 1154 506 ‚
1182 467 1295 509 quem
1314 451 1361 493 in
1389 449 1583 509 consula-

312 538 357 566 tu
378 524 572 582 collegam
603 521 744 565 habere
760 520 931 585 potuisti
944 537 961 564 .·
989 519 1109 578 cujus
1139 536 1223 566 tam
1252 521 1463 567 difflatoris
1492 539 1583 566 ma-

309 595 428 660 gister
443 597 642 655 equitum,
664 612 787 656 quam
813 595 992 659 magistri
1019 596 1195 654 equitum
1216 593 1388 640 difflator
1414 593 1483 658 effic
1496 614 1584 656 po-

311 681 385 711 tes.
413 669 620 711 Sabinum
651 668 854 712 advenam
874 700 888 723 ‚
906 668 1136 726 principem
1169 667 1403 711 nobilitatis
1423 667 1551 732 vestrae
1568 701 1584 723 ‚

301 740 383 801 seu
406 741 556 784 Attum
582 739 803 799 Clausum,
817 738 897 798 seu
921 740 1009 798 Ap.
1035 741 1256 785 Claudium
1274 742 1470 785 mavultis
1484 774 1498 796 ‚
1518 743 1587 785 illi

314 815 477 872 antiqui
498 813 672 872 patricii
697 813 743 856 in
758 813 887 872 ficum
917 829 1127 857 numerum
1154 829 1399 873 acceperunt.
1429 814 1496 857 Ne
1505 812 1587 870 fa-

304 885 489 951 stidieris
519 902 596 930 nos
636 887 682 930 in
700 885 963 945 sacerdotum
995 903 1203 930 numerum
1225 886 1422 945 accipere.
1456 887 1587 929 inulta

317 958 529 1018 nobiscum
558 960 701 1003 decora
726 955 935 1021 afferimus
945 975 965 1012 ,·
997 960 1123 1004 immo
1147 960 1290 1003 omnia
1309 960 1476 1012 eadem,
1501 975 1587 1017 quae

317 1048 393 1077 νος
407 1032 608 1091 superbos
623 1031 822 1090 fecerunt.
851 1034 899 1076 L.
925 1033 1094 1076 Sextius
1108 1033 1272 1091 primus
1292 1033 1340 1075 a'e
1359 1033 1476 1090 plebe
1494 1049 1589 1076 con·

307 1103 386 1164 sitl
406 1105 457 1168 est
468 1103 626 1161 fufius„
661 1107 704 1150 C.
724 1105 913 1150 Licinius
940 1107 1058 1149 Stolo
1077 1106 1242 1164 primus
1267 1105 1454 1170 magister
1479 1106 1586 1163 equi-

316 1192 402 1221 tum
421 1211 435 1232 ‚
461 1179 506 1222 C.
526 1180 714 1223 Marcius
735 1179 905 1224 Rutilus
922 1180 1082 1238 primus
1102 1175 1144 1222 δ’
1163 1178 1336 1223 αἶίῐῖαῐον
1359 1175 1400 1223 6¹
1425 1178 1587 1237 censor,

315 1251 379 1311 Q.
399 1253 606 1297 Publilius
630 1253 757 1298 Philo
781 1256 947 1313 primus
967 1268 1132 1312 praetor.
1166 1256 1330 1312 Semper
1353 1252 1429 1317 ista
1459 1252 1588 1295 audi-

316 1337 362 1367 ta
384 1323 491 1379 sunt
517 1326 653 1368 eadem
668 1357 681 1379 ‚
703 1343 825 1383 penes
842 1342 918 1370 vos
941 1325 1128 1385 auspicia
1149 1320 1219 1386 effe
1233 1357 1248 1379 ,
1273 1339 1345 1368 vos
1356 1322 1475 1382 solos
1492 1339 1588 1382 gen-

318 1409 396 1438 tem
423 1396 561 1439 lzabere
578 1430 593 1451 ‚
623 1396 825 1455 vossblos
854 1396 1008 1461 justu'n
1036 1399 1250 1456 imperium
1284 1392 1326 1440 δ’
1359 1394 1589 1454 auspicium

320 1468 435 1511 domi
465 1469 710 1527 militiaque.
742 1472 877 1528 AEque
905 1471 1038 1514 adlzuc
1059 1469 1295 1529 prosperum
1305 1467 1512 1528 plebejum
1542 1486 1592 1513 ac

316 1541 538 1600 patricium
556 1540 649 1597 fuit
666 1575 681 1595 ‚
700 1559 899 1601 porroque
921 1544 1005 1586 erit.
1042 1543 1116 1586 En
1148 1558 1331 1601 unquam
1344 1539 1488 1601 fando
1510 1558 1591 1585 au-
1644 1560 1650 1565 ·

321 1611 436 1676 distis
451 1646 464 1667 ,
481 1613 684 1671 patricios
707 1615 847 1672 primo
869 1631 887 1657 e
925 1632 943 1657 e
950 1612 1116 1670 fabios,
1140 1631 1225 1657 non
1251 1615 1298 1656 de
1327 1616 1424 1656 coelo
1444 1611 1589 1672 demist

311 1682 418 1743 sos,
441 1684 524 1742 fid
554 1688 622 1745 qui
647 1701 805 1745 patrem
830 1688 925 1731 ciere
945 1683 1130 1748 poſjent,
1165 1687 1214 1730 id
1231 1685 1312 1750 est,
1341 1688 1455 1730 nihil
1481 1689 1591 1730 utera

321 1773 444 1816 quam
472 1759 668 1818 ingenuos
683 1760 708 1803 ἓ
745 1760 956 1819 Consulem
983 1758 1079 1815 jam
1096 1774 1256 1819 patrem
1287 1759 1386 1803 ciere
1396 1757 1561 1821 poffittn
1575 1793 1592 1815 ,

321 1846 519 1888 avumque
528 1829 624 1885 jam
642 1834 797 1891 poterit
813 1833 937 1890 filius
954 1849 1082 1876 meus.
1116 1833 1243 1876 Nilzil
1266 1830 1319 1895 est
1332 1832 1454 1876 aliud
1469 1833 1515 1875 in
1532 1848 1594 1888 re,

324 1900 509 1960 Quirites
531 1935 543 1955 ‚
580 1902 664 1966 nisi
691 1918 737 1948 uc
776 1906 916 1948 omnia
950 1920 1098 1964 negata
1128 1904 1422 1962 adipiscamur.
1462 1917 1593 1948 certa·

322 1990 414 2016 men
443 1987 602 2017 tantum
626 1977 796 2034 patricii
826 1991 992 2035 petunt,
1022 1993 1093 2020 nec
1116 1989 1262 2019 curant
1280 2008 1294 2030 ‚
1323 1991 1438 2033 quem
1472 1991 1592 2018 even-

322 2061 409 2090 tum
445 2050 708 2092 certaminum
736 2049 925 2093 habeant.
960 2049 1055 2108 Ego
1089 2048 1198 2093 lianc
1216 2051 1365 2108 legem,
1385 2048 1495 2106 quod
1522 2047 1596 2091 bo-

324 2137 452 2172 num,
476 2119 665 2184 faustum
685 2156 700 2176 ‚
720 2120 910 2180 felixque
930 2120 995 2185 sic
1026 2122 1143 2166 vobis
1174 2119 1509 2180 ac-Vreipublicae‚
1530 2121 1591 2180 uti

328 2208 447 2251 rogas
465 2225 479 2247 ‚
502 2192 735 2248 jubendam
759 2195 908 2254 cense0.

406 2264 485 2310 IX.
516 2266 692 2312 Vocare
723 2267 863 2313 tribus
895 2266 1124 2329 extemplo
1157 2264 1349 2327 populus
1384 2263 1595 2325 jubebat,

325 2336 652 2400 apparebatque
671 2338 815 2400 accipi
847 2338 1017 2402 legem:
1050 2338 1124 2384 ille
1144 2350 1291 2384 tamen
1323 2337 1413 2384 dies
1446 2336 1507 2382 est
1525 2336 1595 2381 in-

326 2407 587 2456 terceffione
618 2408 821 2457 sublatus.
859 2409 1038 2472 postero
1063 2410 1162 2473 die,
1196 2408 1413 2458 deterritis
1447 2409 1591 2457 tribu·
