1701 3008
333 158 389 191 10
481 118 485 126 ‘
673 100 1241 188 TiT1L1V11

328 250 523 297 Iuanttir.
566 248 612 295 id
640 248 682 296 se
711 259 868 311 optare
899 258 1097 303 tantum,
1124 263 1181 293 ne
1207 263 1294 310 qua
1321 246 1367 294 in
1396 248 1611 314 rempub-¹

328 322 458 369 licam
492 322 636 370 clades
666 321 833 370 veniat.
876 320 1031 367 Minus
1063 332 1209 368 autem
1245 322 1472 369 tetendere
1491 358 1505 381 ‚
1539 322 1609 370 as-

327 396 441 443 sueti
466 397 553 459 jam
572 395 650 443 tali
680 413 842 461 genere
873 396 1168 443 certaminum
1190 396 1330 444 vinci.
1365 398 1416 444 &
1447 413 1608 444 cerne-

329 471 464 528 bant,
492 469 769 517 adversarios
803 486 899 516 non
931 469 977 515 id
996 505 1010 527 ‚
1043 470 1169 533 quod
1202 469 1314 516 olim
1344 470 1427 519 vix
1459 470 1609 533 spera-

328 542 480 590 verint
492 579 505 601 ‚
523 542 774 589 affectantes
795 557 981 605 magnos
998 540 1197 589 honores
1211 578 1224 600 ‚
1243 541 1315 588 sed
1333 543 1487 590 omnia
1503 542 1611 604 jam,

326 613 375 661 in
415 629 612 678 quorum
654 613 775 676 spem
818 611 997 659 dubiam
1040 626 1134 660 erat
1173 624 1387 661 certatum
1405 650 1421 673 ‚
1457 627 1610 661 tamen

329 686 516 749 adeptos
539 722 552 744 ‚
592 684 861 749 multiplices
906 684 1193 746 consulatus,
1230 685 1522 750 censurasque
1559 687 1612 735 &

330 759 601 821 triumphos.

417 833 513 878 VII.
541 833 769 878 Certatum
805 842 954 878 tamen
985 830 1205 879 suadenda
1237 831 1613 895 dissuadendaque

333 903 431 965 lege
457 902 572 949 inter
605 906 690 966 Ap.
710 903 949 951 Claudium
979 903 1173 950 maxime
1210 902 1386 962 ferunt,
1415 906 1464 952 &
1494 903 1615 950 inter

335 972 382 1022 P.
407 975 602 1022 Decium
622 977 816 1023 Murem.
855 976 933 1039 qui
955 993 1057 1023 cum
1090 976 1243 1024 eadem
1272 974 1410 1022 ferme
1438 976 1491 1023 de
1518 976 1613 1036 jure

334 1054 512 1099 Patrum
540 1069 589 1099 ac
619 1051 786 1115 plebis,
816 1069 916 1114 quae
944 1069 1028 1114 pro
1061 1051 1156 1115 lege
1177 1050 1349 1098 Licinia
1379 1051 1612 1114 quondam

336 1136 583 1188 contraque
602 1142 695 1171 eam
715 1125 829 1171 dicta
845 1135 970 1171 erant
985 1160 998 1182 ,
1026 1141 1126 1171 cum
1149 1121 1332 1186 plebeiis
1356 1121 1614 1171 consulatus

292 1227 299 1232 ·
335 1196 601 1258 rogabatur,
620 1194 930 1260 differuiffent;
950 1194 1140 1240 retulisse
1161 1194 1322 1241 dicitur
1340 1193 1512 1240 Decius
1532 1210 1610 1256 pa-

335 1269 473 1316 rentis
495 1269 558 1316 sui
583 1269 797 1332 speciem,
815 1269 989 1333 qualem
1016 1286 1118 1316 eum
1143 1268 1297 1326 multi,
1326 1268 1403 1332 qui
1429 1269 1476 1315 in
1494 1285 1612 1317 con-

337 1340 471 1388 cione
492 1353 640 1400 erant,
659 1341 888 1398 viderant,
911 1341 1153 1387 incinctum
1172 1341 1354 1388 Gabino
1373 1341 1519 1397 cultu,
1536 1340 1613 1388 su-

291 1445 297 1452 ·
336 1430 418 1476 per
440 1414 576 1461 telum
596 1414 778 1460 stantem
793 1450 806 1471 ‚
829 1431 921 1477 quo
942 1414 982 1461 se
1003 1414 1157 1461 habitu
1178 1432 1263 1477 pro
1283 1415 1457 1477 populo
1478 1432 1529 1461 ac
1549 1415 1611 1462 leo

338 1484 549 1547 gionibus
570 1486 786 1531 Romanis
804 1485 1070 1532 devovisset.
1107 1489 1213 1534 Tum
1238 1490 1291 1533 P.
1310 1490 1494 1533 Decium
1513 1507 1612 1534 con-

328 1559 466 1618 sulem
484 1577 636 1619 purum
646 1563 842 1620 piumque
870 1562 982 1605 Deis
1006 1563 1306 1607 immortalibus
1322 1562 1459 1622 visum
1472 1597 1486 1619 ‚
1505 1580 1615 1623 aeque

339 1648 390 1674 ac
404 1630 454 1692 st
478 1633 526 1676 T.
547 1633 739 1676 Manlius
763 1636 917 1692 collega
943 1631 1032 1687 ejus
1067 1636 1332 1679 devoveretur.
1368 1637 1536 1680 eundem
1555 1638 1612 1682 P.

340 1704 521 1748 Decium
537 1738 553 1760 ,
579 1706 649 1764 qui
656 1704 784 1763 sacra
793 1707 965 1764 publica
978 1709 1128 1765 populi
1145 1707 1332 1751 Romani
1338 1705 1498 1763 faceret
1511 1742 1524 1766 ,
1550 1712 1612 1754 le-

338 1778 384 1837 gi
409 1778 481 1820 rite
509 1794 595 1820 non
613 1773 789 1839 potuiffi
809 1778 834 1821 ἓ
864 1779 912 1821 id
933 1776 1005 1839 effi:
1022 1780 1249 1838 periculum
1264 1812 1278 1833 ,
1299 1779 1462 1838 nefitus
1474 1797 1612 1840 preces

342 1851 484 1893 minus
518 1851 707 1894 audirent
737 1851 845 1906 Dii,
867 1868 989 1909 quam
1022 1854 1110 1909 Ap.
1126 1851 1292 1895 Claudii
1305 1851 1329 1894 .>
1356 1851 1502 1915 castius
1521 1869 1618 1896 eum

330 1922 460 1980 sacra
477 1925 645 1981 privata
664 1922 829 1980 facere,
859 1920 901 1967 G*
923 1922 1146 1987 religiosius
1163 1925 1285 1968 Deos
1313 1927 1459 1980 colere,
1486 1943 1615 1984 quam

331 1995 380 2052 fi
398 1996 422 2038 ἓ
449 2013 560 2053 quem
579 1998 773 2060 poetzifgzre
802 2010 987 2040 votorum
1007 2030 1020 2051 ,
1047 2013 1130 2055 quae
1150 2013 1229 2055 pro
1265 1997 1470 2056 republica
1501 2017 1611 2044 nutz-

345 2071 579 2127 cupaverint
609 2084 667 2113 tot
693 2069 874 2128 consules
885 2058 1042 2128 ‘plebeji
1059 2103 1073 2125 ‚
1103 2085 1165 2114 tot
1193 2070 1431 2127 diffatores,
1463 2088 1538 2117 aut
1555 2074 1627 2118 ad·

344 2144 542 2187 exercitus
570 2159 703 2188 euntes
717 2177 732 2197 ‚
759 2158 832 2187 aut
858 2145 961 2187 inter
990 2145 1031 2202 ip
1054 2161 1081 2187 ιι
1111 2145 1215 2189 bella
1227 2147 1253 2189 μ)
1287 2147 1617 2192 Numeraretztur

343 2218 463 2260 duces
484 2234 618 2261 corum
638 2235 841 2262 annorum
856 2251 868 2272 ‚
901 2219 1045 2277 quibus
1063 2219 1314 2279 plebejorum
1335 2221 1454 2266 duflu
1472 2219 1513 2266 δ’
1536 2239 1613 2266 au-

332 2288 473 2348 spicio
495 2306 554 2332 res
570 2293 652 2349 geri
671 2305 801 2348 coeptae
812 2290 944 2348 siant:
964 2309 1268 2338 numerarentur
1282 2296 1492 2354 triumphi.
1510 2293 1618 2351 jan-³²

346 2378 396 2404 ne
426 2362 656 2406 nobilitatis
686 2364 846 2421 quidem
867 2362 956 2420 fitae
977 2364 1158 2422 plebejos
1182 2366 1390 2425 poetzitere.
1421 2384 1498 2426 pro
1532 2383 1617 2410 ceth·

346 2445 389 2479 zo
406 2433 571 2493 habere,
580 2433 632 2498 st
645 2436 756 2494 quod
769 2451 905 2494 repens
928 2437 1076 2482 bellum
1101 2440 1259 2486 oriatur
1268 2473 1287 2498 ,
1306 2457 1392 2486 non
1412 2443 1513 2501 plus
1518 2437 1617 2499 spei
