1701 3008
214 159 296 211 ἸΝ
349 163 532 230 hoc.
583 162 727 208 ΜΒ..
777 152 1183 208 xvrrrrrv‘.
1268 171 1361 226 259

77 272 262 313 moranda
288 270 443 310 transiit.
476 269 516 310 L.
535 268 711 310 Caecilius
729 267 768 309 L.
795 267 836 308 F.
858 267 899 307 C.
919 267 967 308 N.
992 266 1201 316 Metellus,
1229 267 1269 307 C.
1289 267 1362 308 Fu.

76 337 154 374 rius
183 334 223 373 C.
257 332 297 373 F.
322 332 364 372 C.
389 333 437 372 N.
464 330 636 379 Pacilus,
659 329 857 378 consules,
883 328 1100 380 legionibus
1124 329 1164 367 in
1189 329 1364 370 Siciliam

76 396 314 447 deportatis,
348 408 474 446 neque
510 393 778 434 lacessiverunt
808 392 876 443 ipsi
915 391 1063 431 hostem
1103 405 1362 443 magnopere,

75 472 148 498 nec
179 459 226 498 ab
260 472 306 498 eo
343 457 500 498 laceffiti
534 456 647 505 sunt,
673 468 894 507 quanquam
917 467 1039 494 novus
1065 454 1269 494 Poenorum
1292 454 1365 493 ima

75 532 228 574 perator
246 520 431 562 Asdrubal
448 533 537 560 curn
559 521 734 560 ducentis
762 519 946 568 navibus,
969 517 1184 569 elephantis
1207 525 1366 558 centum

76 583 351 634 quadraginta,
381 582 634 634 peditumque
666 583 700 621 ἃ
735 582 909 632 equitum
945 579 1118 619 millibus
1145 579 1276 630 viginti
1312 591 1368 617 re-¹

77 658 169 685 cens
193 645 411 685 advenisset.
447 645 501 684 Ea
528 657 587 683 res
616 645 802 683 Senatum
829 644 957 683 denuo
981 644 1029 682 de
1059 642 1173 682 classe
1198 642 1370 693 paranda

76 707 292 748 consultare
315 707 468 758 coegit:
501 707 644 756 quippe
674 705 862 744 trahendo
883 705 923 754 in
948 704 1109 755 longum
1141 700 1244 744 bello
1270 717 1369 743 rem.

76 771 281 825 publicam
308 768 502 809 exhauriri
531 767 743 816 sumtibus,
776 780 901 818 neque
933 768 1016 818 pqst
1048 767 1103 807 M.
1131 767 1269 819 Reguli
1290 767 1370 807 cla-

75 837 167 876 dem
187 834 260 874 suis
276 830 493 884 legionibus
515 828 715 881 pristinum
732 831 905 881 vigorem
925 828 1079 868 mansis
1059 838 1120 878 e
1147 831 1182 868 ὃς
1207 838 1249 868 ut
1269 838 1371 869 terra

76 897 330 950 prosperrime
356 907 414 934 res
438 893 683 941 succederet,
704 902 833 931 tamen
859 891 1057 943 prohiberi
1083 882 1212 931 Sicilia
1231 892 1371 932 Poenos·

77 975 159 1001 non
182 959 307 1013 posse,
334 959 459 998 donec
485 957 690 1008 imperium
719 957 832 995 maris
859 968 976 1006 penes
1002 954 1088 994 illos
1119 953 1235 1002 esset,
1264 955 1372 995 haud

79 1024 240 1065 obscure
266 1021 462 1061 videbant.
494 1020 590 1070 Ergo
620 1018 743 1058 rursus
769 1019 817 1058 ad
844 1018 971 1069 priora
1003 1016 1157 1056 confilia
1180 1017 1371 1067 revoluti,

79 1088 248 1128 vietoriae
272 1085 408 1137 spem
399 1098 439 1124 1n
460 1078 621 1122 navibus
644 1082 807 1131 habere,
827 1080 985 1131 illasque
1006 1079 1154 1120 summa
1179 1093 1268 1120 cura
1289 1079 1372 1120 refi-

81 1165 195 1199 cere,
223 1159 289 1189 aut
312 1148 499 1189 aedificare
524 1155 741 1198 coeperunt.-

137 1214 178 1255 L
205 1212 354 1252 Interea
383 1223 475 1250 cum
504 1210 545 1250 L.
577 1208 739 1250 Metello
776 1196 952 1248 Panormi
980 1206 1142 1255 relic'to,
1175 1198 1218 1247 C.
1239 1198 1374 1247 Furius

83 1291 132 1318 ex
163 1276 291 1317 Sicilia
328 1270 490 1327 domurn
516 1273 684 1313 reversus
721 1272 878 1312 comitia
915 1270 1129 1311 consularia
1158 1269 1376 1326 habuisset,

84 1330 127 1379 C.
154 1338 291 1379 Atilius
320 1337 376 1378 Ν.
401 1337 449 1378 F.
476 1336 535 1376 M.
566 1336 614 1390 N.
640 1334 838 1387 Regulu8‚
866 1334 908 1375 L.
933 1332 1167 1374 ManliusA.
1194 1331 1235 1372 F.
1263 1333 1302 1373 P.
1324 1333 1379 1373 N.

82 1401 231 1448 Vulso,
252 1401 370 1441 faeti:
393 1407 553 1450 uterque
571 1410 723 1438 iterum
756 1398 824 1438 His
848 1386 1028 1436 mandata
1052 1386 1173 1439 classis
1193 1395 1378 1435 instruem-

85 1464 144 1504 dae
173 1461 615 1517 conscribendorumque
647 1459 838 1498 sociorum
864 1458 1059 1498 navalium
1086 1470 1202 1506 cura3
1230 1447 1271 1499 L.
1291 1457 1378 1498 Me·
1416 1491 1419 1495 .

85 1525 180 1566 tello
210 1532 460 1582 prorogatum
496 1523 728 1574 imperium,
759 1522 863 1573 isque
891 1519 1122 1572 proconsule
1157 1519 1303 1560 bellum
1334 1521 1378 1560 in

88 1581 219 1631 Sicilia
245 1587 506 1628 administrare
534 1585 664 1635 jussus,
706 1583 893 1625 Asdrubal
918 1583 1083 1622 alterum
1115 1595 1165 1622 ex
1192 1574 1378 1622 Romanis

88 1650 278 1700 ducibus,
307 1661 397 1688 cum
429 1638 590 1706 dimidia
623 1653 729 1697 parte
759 1647 893 1686 virium
925 1644 1078 1685 abiville
1108 1657 1290 1694 cernens,
1321 1645 1379 1685 se-

86 1726 250 1773 cumque
290 1720 470 1769 reputans
498 1713 579 1767 jam
617 1723 637 1750 a
668 1701 784 1761 longo
823 1722 1024 1761 tempore,
1058 1722 1280 1760 quanquam
1319 1710 1375 1749 in

86 1767 232 1816 struerae
263 1788 311 1814 ex
335 1766 492 1814 adverso
517 1775 618 1813 acies
649 1771 793 1821 efferat,
824 1772 1020 1812 Romanos
1041 1780 1144 1810 metu
1174 1772 1376 1812 cuncratos

86 1838 217 1884 fuifl'e·
251 1850 342 1877 cum
369 1840 452 1901 Jam
474 1850 598 1888 neque
621 1849 734 1876 voces
762 1825 943 1884 suorum,
969 1834 1033 1886 qui
1064 1833 1262 1885 segnitiem
1291 1837 1377 1885 eius

85 1899 363 1955 increpabant,
397 1891 539 1938 diutius
562 1900 660 1938 serre
686 1898 833 1950 poss‘et3
857 1897 1037 1936 omnibus
1061 1908 1150 1935 cum
1171 1896 1292 1947 copiis
1311 1897 1382 1943 Li-⁴

88 1963 212 2015 lybaeo
240 1961 402 2011 egreffus
417 1991 428 2009 ,
447 1959 592 2001 difficili
610 1974 677 2011 per
698 1951 999 2001 Selinuntiorum
1020 1958 1114 1997 fines
1133 1959 1267 1998 itinere
1281 1989 1292 2006 ‚
1311 1959 1378 1998 Pa.

88 2024 350 2065 normitanum
377 2025 511 2073 agrum
535 2022 685 2072 attigit,
709 2021 838 2072 ibique
854 2021 970 2060 castra
996 2027 1159 2059 metatus
1175 2020 1237 2059 est.-
1263 2019 1378 2061 Forte

88 2085 266 2142 Panormi
301 2097 389 2122 cum
425 2074 595 2122 exercitu
626 2082 771 2133 reliquo
804 2083 952 2123 Procos.
994 2081 1154 2132 agebat,
1181 2089 1226 2120 ut
1253 2081 1378 2120 aestate'

90 2150 171 2248 {am
195 2146 348 2195 adulta,
366 2146 477 2186 sociis
494 2146 541 2185 ad
558 2145 804 2185 demetendus
822 2145 949 2195 fruges
970 2142 1264 2194 condendasque
1284 2157 1377 2194 prat<-

109 2209 187 2247 1dio
215 2207 316 2248 esset.

152 2268 211 2309 LI.
254 2267 328 2309 Hic
355 2268 487 2308 audito
515 2265 680 2306 hostium
711 2262 966 2318 speculatores
995 2266 1169 2306 occultos
1200 2264 1378 2308 Panormi

95 2330 232 2382 degere
248 2325 488 2379 ,universos,
506 2330 572 2381 qui
594 2330 634 2369 in
660 2329 751 2370 urbe
768 2330 909 2378 essent,
925 2331 1132 2382 procedere
1157 2331 1197 2370 in
1219 2332 1377 2370 conci0⁴

153 2460 173 2501 ς
198 2459 318 2490 XLIX.
344 2460 418 2492 Col.
450 2460 519 2503 Cap
524 2461 598 2494 tol.
622 2461 722 2495 Oros.
744 2474 783 2502 4
813 2461 987 2506 9.P01J·b.
1017 2461 1158 2505 Futrop.
1206 2463 1268 2505 §1

100 2503 171 2547 lyb
198 2515 232 2544 ι,
260 2514 312 2546 39.
337 2504 449 2536 Diod.
474 2504 597 2540 Zonar.

1017 2552 1058 2595 R
1095 2565 1122 2596 2
