1701 3008
246 171 839 223 HisTotuARUM
872 150 1211 229 L113.XX12
1307 178 1397 236 43¹

122 285 220 332 stris
254 285 427 332 ordinis
452 283 656 347 aliquot,
686 281 736 328 &
763 259 934 326 tribuni
955 275 1149 323 militum
1181 272 1406 338 quinque,

123 360 176 406 &
208 358 404 422 praese&
437 357 666 404 sociorum
692 367 811 408 tres,
845 351 945 397 sunt
973 347 1209 397 interfeffi.
1243 346 1408 390 Secun-

124 433 230 478 dum
265 449 357 478 eam
381 448 575 495 pugnam
612 426 838 475 Hannibal
871 426 917 472 in
949 424 1130 488 Ligures
1151 457 1164 480 ‚
1196 421 1412 479 Sempro-

125 506 227 553 nius
252 509 422 573 Lucam
450 505 680 552 conceffit.
713 500 925 548 Venienti
955 499 1002 545 in
1035 498 1215 560 Ligures
1237 489 1415 540 Hanni-

125 578 216 624 bali
252 595 331 642 per
368 578 545 625 insidias
578 576 814 640 intercepti
846 575 937 621 duo
970 571 1214 636 quaestores
1242 569 1416 612 Roma-

127 650 205 708 ni,
239 654 291 697 C·
322 651 506 699 Fulvius
534 653 583 699 &
616 653 664 698 L.
692 649 955 705 Lucretius,
990 662 1093 692 cum
1127 640 1303 688 duobus
1337 635 1414 682 tri-

126 722 261 770 bunis
293 724 483 770 militum
501 761 514 782 ,
551 725 600 771 &
618 724 821 786 quinque
850 719 1063 785 equestris
1091 713 1263 762 ordinis
1290 710 1417 757 sena-

129 807 283 842 torum
320 796 458 843 ferme
491 798 673 855 liberis,
709 813 802 862 quo
840 794 978 858 magis
1007 804 1147 840 ratam
1179 787 1277 834 fore
1314 798 1420 832 cum

127 867 198 914 his
220 880 377 930 pacem·
395 869 744 934 societatemque
767 869 965 916 crederet
981 903 995 927 ,
1013 864 1262 912 traduntur.

196 943 293 989 LX.
330 944 454 988 Dum
482 944 580 990 haec
611 943 654 988 in
690 943 824 1001 ltalia·
850 951 1096 1005 geruntur,
1128 937 1218 982 Cn.
1243 933 1420 978 Corne-

132 1014 218 1061 lius
248 1016 435 1079 Scipio,
467 1017 514 1063 in
551 1017 810 1080 Hispaniam
844 1032 945 1063 cum
978 1010 1105 1060 claffe
1139 1010 1190 1056 &
1218 1004 1421 1052 exercitu

133 1089 316 1147 missus,
348 1108 476 1147 cum,
509 1091 562 1137 ab
593 1091 711 1138 ostio
741 1087 949 1136 Rhodani
985 1083 1237 1148 profectus,
1271 1079 1421 1141 Pyre-

135 1162 349 1225 naeosque
384 1178 562 1211 montes
589 1163 942 1220 circiixnveffiis,
968 1156 1194 1221 Emporiis
1231 1148 1424 1215 appulis-

137 1234 202 1282 set
229 1236 402 1283 classem
421 1274 433 1295 ‚
469 1238 676 1301 exposito
698 1237 760 1284 ibi
782 1234 1015 1292 exercitu,
1041 1231 1169 1279 orsus
1198 1245 1223 1274 a
1242 1229 1424 1274 Laceta-

139 1311 238 1369 nis,
270 1328 452 1359 omnem
483 1329 608 1359 oram
640 1312 777 1376 usque
798 1311 853 1358 ad
882 1310 1058 1356 Iberum
1090 1305 1260 1352 flumen
1280 1337 1294 1360 ,
1320 1315 1426 1363 par-

138 1384 221 1429 tim
259 1386 530 1433 renovandis
564 1385 884 1443 societatibus,
929 1382 1090 1446 partim
1125 1376 1263 1426 novis
1298 1371 1427 1420 insti-

140 1457 345 1515 tuendiS,
360 1458 581 1504 Romanae
602 1456 788 1503 ditionis
811 1454 930 1502 fecit.
951 1453 1057 1500 Inde
1080 1446 1318 1498 conciliata
1338 1442 1427 1490 cle-

141 1530 323 1577 mentiae
353 1531 497 1591 fama,
537 1549 633 1579 non
663 1532 719 1578 ad
748 1530 999 1578 maritimos
1026 1526 1168 1573 modo
1197 1517 1428 1585 populos,

142 1602 217 1650 sed
247 1605 292 1652 in
322 1605 656 1652 mediterraneis
695 1619 878 1667 quoque
920 1618 974 1648 ac
1009 1595 1238 1647 montanis
1275 1591 1330 1639 ad
1361 1589 1429 1636 fe-

144 1677 347 1725 rociores
375 1678 463 1741 jam
497 1690 647 1741 gentes
679 1677 850 1725 valuit:
891 1691 973 1721 nec
1010 1689 1097 1735 pax
1129 1667 1271 1716 modo
1307 1661 1429 1728 apud

145 1766 254 1809 eos,
286 1751 359 1797 sed
389 1751 573 1798 societas
604 1750 737 1797 etiam
771 1763 1028 1802 armorum,
1057 1753 1204 1806 parata
1225 1739 1313 1785 est:
1346 1752 1428 1782 va-

145 1823 339 1887 lidaeque
371 1824 547 1888 aliquot
582 1822 855 1870 auxiliorum
896 1818 1109 1868 cohortes
1142 1812 1282 1863 exiis
1318 1824 1433 1855 con-

148 1896 324 1960 scriptae
360 1896 472 1944 sunt.
501 1895 738 1943 Hannonis
769 1895 831 1943 cis
851 1892 1026 1940 Iberum
1057 1884 1296 1951 provincia
1317 1893 1432 1928 erat:

150 1986 253 2017 eum
268 1971 508 2034 reliquerat
522 1968 750 2016 Hannibal
768 1968 822 2014 ad
837 1963 1033 2030 regionis
1052 1960 1146 2024 ejus
1167 1955 1433 2022 praesidium.

151 2045 300 2108 itaque
333 2045 486 2107 prius,
527 2062 660 2108 quam
692 2043 985 2090 alienarentur
1022 2035 1209 2093 omnia,
1244 2031 1433 2079 obviam

150 2118 347 2166 eundum
366 2131 484 2166 ratus
500 2154 514 2177 ‚
541 2117 687 2165 castris
708 2117 753 2162 in
776 2113 1015 2177 conspeffii
1035 2109 1231 2157 hostium
1257 2104 1434 2168 positis,

150 2193 200 2240 in
235 2192 377 2242 aciem
410 2191 581 2238 eduxit.
616 2207 699 2237 nec
728 2190 940 2235 Romano
969 2183 1261 2232 differendum
1292 2191 1434 2227 certa-

151 2281 257 2311 men
284 2262 460 2311 visum:
497 2262 663 2325 quippe
695 2260 772 2325 qui
805 2259 959 2316 sciret,
993 2273 1094 2304 cum
1126 2255 1352 2301 Hannone
1385 2252 1436 2297 δε

153 2336 424 2386 Hasdrubale
453 2336 533 2384 fibi
552 2335 857 2382 dimicandum
881 2332 994 2387 esse;
1023 2330 1262 2391 malletque
1281 2326 1438 2373 adver·

157 2409 228 2458 sus
248 2410 446 2474 singulos
474 2409 738 2473 separatim,
760 2424 895 2471 quam
918 2403 1125 2452 adversus
1145 2403 1258 2448 duos
1284 2397 1437 2453 fimul,

159 2501 253 2534 rem
289 2501 457 2553 gerere.
502 2486 604 2535 Nec
640 2483 793 2550 magni
829 2480 1082 2532 certaminis
1119 2495 1168 2525 ea
1206 2472 1439 2523 dimicatio
