1701 3008
343 219 437 280 406
707 212 1277 262 TITILIVII

346 323 553 373 adversus
584 321 860 384 elephantos.
895 337 974 368 eos
999 320 1187 384 velites,
1217 320 1272 367 ad
1305 317 1351 365 id
1379 318 1518 382 ipsum
1549 318 1626 365 lo:
1671 330 1674 335 ’

345 397 432 443 cati
450 433 463 451 ‚
483 395 653 442 verutis
675 394 890 456 conjectis
909 397 957 441 &
975 406 1178 441 avertere
1194 430 1207 452 ‚
1229 391 1479 441 &insecuti
1498 408 1629 438 aver·
1656 445 1660 450 ἱ

340 467 413 514 sos
443 467 518 514 sub
548 468 694 514 caudis
708 503 722 525 ‚
747 486 838 532 qua
856 467 1051 514 maxime
1069 467 1200 534 molli
1221 477 1322 513 cute
1344 465 1531 513 vulnera
1548 480 1642 511 ac-.
1694 527 1697 530 Α

341 542 540 605 cipiunt,
563 541 811 590 fodiebant.

344 703 475 737 natos
506 689 651 735 media
680 689 774 736 acie
798 688 844 735 in
863 701 1128 746 extremam,
1149 687 1203 733 ad
1222 685 1438 731 sinistrum
1457 700 1628 741 cornu2

346 761 555 809 adversus
575 762 733 808 Gallos
757 762 990 808 auxiliares
1020 761 1091 825 agi
1122 759 1240 822 juffit
1269 755 1507 804 Hannibal.
1541 757 1630 800 Ex·
1689 799 1695 816 Ρ

1680 591 1695 619 ,ι’

408 618 522 662 LVI.
544 616 928 680 Trepidantesque
948 631 1092 678 prope
1111 613 1198 677 jam
1223 613 1271 659 in
1293 611 1396 659 suos
1425 610 1627 659 conster-

350 835 523 897 templo
565 834 682 881 haud
717 834 900 881 dubiam
932 833 1078 881 fecere
1111 833 1272 896 fugam.
1304 829 1476 876 additus
1514 841 1633 891 quo-
1688 818 1691 822 ⁵

347 924 435 969 que
465 923 615 954 novus
643 918 789 953 terror
812 905 1031 953 Romanis
1047 941 1060 963 ‚
1087 916 1137 951 ut
1157 903 1247 949 fusa
1275 901 1442 948 auxilia
1462 899 1536 946 sua
1555 898 1634 946 vi-

352 981 528 1027 derunt.
562 982 711 1041 ltaque
728 1016 742 1038 ,
772 997 875 1026 cum
902 979 992 1041 jam
1011 979 1058 1025 in
1077 978 1235 1025 orbem
1255 985 1528 1041 pugnarent,
1558 973 1634 1019 de·
1688 1011 1697 1034 k.

354 1069 452 1098 cem
480 1051 619 1098 millia
639 1050 776 1097 ferme
809 1051 1072 1107 hominum,
1104 1066 1206 1096 cum
1235 1045 1309 1094 alii
1337 1045 1528 1092 evadere
1552 1060 1634 1090 ne-

352 1123 571 1186 quissent,
607 1124 750 1170 media
774 1123 991 1170 Afrorum
1020 1123 1140 1182 acie,
1166 1138 1268 1185 quae
1291 1118 1477 1166 Gallicis
1505 1117 1635 1165 auxi·
1684 1128 1688 1161 ζ

353 1197 425 1244 liis
461 1197 629 1246 firmata
663 1211 782 1257 erat,
818 1216 920 1245 cum
953 1197 1121 1261 ingenti
1155 1196 1273 1243 caede
1303 1192 1500 1240 hostium
1535 1207 1635 1254 per-

355 1287 532 1333 rupere.
569 1273 618 1319 &
635 1307 648 1329 ‚
676 1289 780 1318 cum
808 1288 952 1334 neque
979 1270 1024 1316 in
1055 1269 1191 1317 castra
1219 1266 1385 1314 reditus
1421 1264 1524 1312 esset
1547 1263 1636 1310 ssu-
1686 1327 1687 1330 Ἰ

356 1346 477 1390 mine
507 1344 776 1399 interclusis,
814 1362 961 1409 neque
989 1360 1080 1407 prae
1113 1343 1246 1389 imbri
1267 1340 1365 1388 satis
1396 1339 1637 1386 decernere

357 1416 564 1479 possent,
593 1433 680 1479 qua
715 1416 800 1463 suis
829 1433 963 1480 opem
985 1415 1182 1473 ferrent,
1211 1412 1481 1461 Placentiam
1513 1411 1636 1457 recto

362 1488 524 1534 itinere
566 1505 815 1551 perrexere.
850 1488 1000 1535 Plures
1031 1487 1190 1534 deinde
1222 1487 1269 1534 in
1302 1501 1458 1532 omnes
1491 1494 1640 1546 partes

361 1561 623 1623 eruptiones
645 1561 768 1609 fassae
790 1581 799 1608 :
826 1564 902 1619 &‚
926 1561 1005 1624 qui
1021 1561 1190 1607 flumen
1215 1559 1380 1622 petiere
1396 1593 1409 1614 ,
1443 1570 1518 1604 aut
1538 1574 1639 1622 gur-

361 1636 530 1699 gitibus
551 1636 737 1683 absumti
768 1635 866 1682 sunt
882 1671 895 1692 ‚
914 1646 991 1681 aut
1010 1634 1124 1680 inter
1145 1632 1474 1680 cunctationem
1494 1630 1641 1693 ingre-
1686 1620 1695 1658 7

361 1709 513 1754 diendi
543 1709 597 1755 ab
632 1707 835 1755 hostibus
865 1707 1073 1769 oppressi.
1109 1704 1187 1769 qui
1218 1703 1370 1766 paffim
1404 1719 1483 1764 per
1511 1717 1643 1764 agros

361 1781 466 1844 fuga
498 1782 628 1843 sparfi
649 1793 799 1842 erant,
821 1780 1006 1843 vestigia
1028 1778 1224 1826 cedentis
1244 1777 1474 1839 sequentes
1505 1773 1642 1837 agmi-

359 1853 467 1911 nis,
504 1854 770 1902 Placentiam
808 1852 1114 1900 contendere:
1148 1850 1244 1896 aliis
1272 1849 1411 1895 timor
1445 1845 1641 1892 hostium

361 1927 591 1976 audaciam
629 1926 905 1991 ingrediendi
939 1925 1105 1972 flumen
1144 1923 1277 1980 fecit,
1304 1918 1642 1984 transgreffique

361 1998 410 2044 in
441 1998 577 2045 castra
610 2011 928 2061 pervenerunt.
968 1996 1111 2042 Imber
1136 1997 1243 2041 nive
1267 1994 1468 2050 mixtus,
1492 1990 1579 2038 &
1569 2007 1645 2035 m-

362 2070 594 2117 toleranda
618 2070 685 2116 vis
708 2069 916 2132 frigoriS‚
951 2069 1001 2114 ὅ(
1031 2066 1237 2113 homines
1268 2064 1467 2119 multos„
1499 2064 1547 2108 &
1571 2059 1644 2121 ju·-

362 2156 538 2202 :menta‚
574 2145 622 2193 &
643 2144 903 2206 elephantos
932 2159 1077 2205 prope
1102 2158 1259 2188 omnes
1280 2138 1496 2186 absumsit.
1525 2135 1645 2181 Finis

362 2218 626 2281 insequendi
654 2217 792 2263 hostis
811 2217 962 2264 Poenis
989 2216 1159 2263 flumen
1177 2214 1340 2263 Trebia
1369 2212 1478 2258 fuit:
1507 2211 1555 2257 &
1581 2209 1643 2256 ita

363 2301 594 2349 torpentes
627 2290 725 2352 gelu
766 2289 812 2335 in
846 2288 983 2339 castra
1011 2289 1180 2334 rediere
1201 2322 1215 2344 ‚
1258 2297 1308 2331 ut
1338 2282 1644 2331 vixlaetitiam
1686 2323 1688 2326 .

363 2360 567 2407 victoriae
601 2361 824 2410 sentirent.
865 2364 1022 2423 Itaque
1060 2360 1192 2405 noste
1226 2355 1503 2420 insequenti,
1540 2370 1646 2402 cum

363 2432 615 2496 praesidium
649 2432 924 2488 castrorum,
948 2433 997 2479 ὃ(
1031 2430 1155 2493 quod
1175 2429 1395 2491 reliquum
1414 2442 1471 2471 ex
1488 2439 1647 2486 magna

368 2515 493 2570 parte
531 2502 724 2552 militum
757 2514 883 2563 erat,
920 2501 1086 2553 ratibus
1118 2500 1328 2551 Trebiam
1364 2495 1646 2561 trajicerent,
