1701 3008
284 248 375 279 220
440 233 536 280 JO.
582 231 1085 277 FREINSHEMII
1132 196 1493 282 SUPPLEM}
1568 236 1572 241 ’

277 338 454 377 relictum
472 345 550 376 erat
570 335 807 387 oblongum,
824 350 899 387 quo
928 338 1035 387 tigno
1058 337 1213 378 inducta
1237 339 1557 390 complecteretur

280 399 400 449 illud,
441 401 550 450 eique
584 399 823 448 cohaereret,
860 413 927 450 per
964 400 1128 450 spatium
1164 400 1343 442 ulnarum
1370 411 1555 453 quatuor,

282 474 423 512 quanta
450 462 562 512 ipsius
595 462 686 512 tigni
719 461 920 513 longitudo
949 470 1038 502 erat.

345 524 427 562 VII.
457 523 575 563 Scalae
600 537 687 562 vero
716 523 858 574 reliqua
883 538 966 575 pars
998 527 1162 576 &tigno
1187 539 1267 565 non
1294 527 1454 575 inserta,
1473 539 1556 577 quae

279 584 457 623 ulnarum
492 594 570 624 erat
599 587 759 625 duarum
777 617 788 632 ,
822 587 1045 637 quibusdam
1078 587 1182 626 velut
1210 587 1376 626 articulis
1403 589 1469 626 ita·
1490 588 1556 626 de-

276 647 493 697 pendebat,
522 657 564 687 ut
589 648 701 688 facile
729 648 851 687 attolli
886 649 1112 699 demittique
1138 649 1286 699 posset:
1321 650 1360 688 in
1383 659 1553 702 extremo

277 708 384 748 scalae
407 709 577 749 validum
602 710 754 749 affixum
781 718 857 749 erat
879 711 1021 750 ferrum
1036 741 1047 756 ,
1074 710 1201 760 pistilli
1222 711 1344 750 forma
1358 742 1368 758 ‚
1390 723 1555 761 pheacu-

275 781 385 821 tum,
417 773 521 823 quod
550 773 590 810 in
618 774 743 821 capite
764 772 949 812 annulum
975 773 1167 822 habebat,
1194 785 1240 812 ex
1267 787 1342 825 quo
1369 773 1474 813 funis
1501 772 1554 813 al-

274 833 412 883 ligatus
443 847 509 884 per
541 833 753 872 troc{x'!.·.1m
783 834 904 883 tigni,
940 835 980 872 in
1015 833 1133 883 ipsam
1162 834 1268 872 navis
1303 836 1454 883 proram
1489 833 1553 871 de-

277 895 517 937 mittebatur‘
556 898 657 937 Tum
685 897 832 947 quoties
855 895 1059 935 voluissent
1088 898 1244 935 attracto
1269 895 1363 934 fune
1389 894 1555 944 erigeba-

275 964 337 996 tur
367 957 491 1007 scala,
519 959 668 998 remiffo
700 958 855 998 ruebat:
895 958 1081 1008 quidquid
1115 957 1462 1011 comprehendisset
1494 957 1555 994 in-

276 1018 370 1057 festo
400 1019 510 1058 ferrei
546 1019 615 1058 stili
645 1020 820 1059 acumine
850 1019 1019 1069 defigens
1051 1021 1085 1058 &
1114 1020 1296 1057 vinciens.
1339 1018 1442 1057 Inter
1471 1016 1555 1057 haec

279 1077 321 1117 C.
352 1078 502 1117 Duilius
536 1079 671 1118 consul
705 1079 871 1129 pedestri
907 1079 1077 1117 exercitu
1110 1078 1273 1116 tribunis
1305 1078 1468 1124 tradito,
1502 1076 1553 1116 ad

277 1152 394 1178 naves
409 1141 535 1181 venit:
562 1141 833 1191 intellectoque
862 1140 1050 1192 Mylaiten
1070 1143 1267 1192 regionem
1291 1140 1337 1179 ab
1361 1139 1465 1180 hoste
1488 1153 1552 1180 va,-

274 1201 356 1240 ssari
373 1232 383 1249 ,
406 1214 494 1241 cum
519 1203 694 1242 universa
719 1202 831 1242 classe
853 1203 902 1241 acl
923 1216 1006 1241 eam
1028 1216 1133 1241 oram
1153 1202 1414 1253 proficiscitur.
1440 1202 1555 1242 Grata

277 1276 333 1302 res
357 1260 728 1316 Carthaginiensibus
743 1265 839 1312 fuit,
860 1266 922 1314 qui
945 1265 1142 1304 adversum
1168 1266 1459 1304 mediterraneos
1483 1264 1552 1304 ho-

275 1325 396 1364 mines
421 1328 456 1366 Sc
476 1327 529 1366 rei
555 1328 714 1367 nauticae
740 1327 1036 1377 imperitissimos
1054 1358 1064 1376 ,
1091 1334 1232 1366 certam
1259 1327 1326 1366 fibi
1353 1327 1551 1366 victoriam

275 1387 580 1438 pollicebantur:
606 1390 671 1441 ipsi
700 1404 851 1441 quoque
876 1391 1110 1430 documento
1140 1391 1283 1437 futuri,
1309 1389 1459 1428 nullum
1483 1403 1551 1446 unffi

276 1462 392 1498 quam
413 1450 559 1489 hostem
583 1451 637 1491 ita
667 1452 861 1490 contemni
888 1461 1084 1502 oportere,
1111 1462 1153 1490 ut
1180 1452 1389 1501 quidquam
1414 1452 1461 1490 de
1489 1464 1553 1491 ca-

273 1511 387 1549 vendi
419 1512 616 1562 diligentia
648 1515 683 1552 Sc
715 1512 915 1562 disciplina
949 1513 1227 1582 remittatur.2<

333 1573 434 1612 VIII.
464 1573 554 1613 Dux
574 1574 694 1613 claffis
721 1574 940 1623 Hannibal,
968 1576 999 1614 is
1027 1576 1092 1625 qui
1120 1587 1248 1624 copias
1273 1587 1320 1612 ex
1343 1573 1549 1623 Agrigento

274 1635 479 1682 eduxerat,
508 1636 709 1687 septireme
737 1637 968 1685 vehebatur,
997 1650 1078 1687 quae
1106 1638 1229 1675 fuerat
1261 1636 1356 1685 regis
1387 1635 1545 1685 Pyrrhi:

273 1695 378 1735 hunc
399 1697 551 1748 reliquae
566 1711 679 1737 naves
698 1699 947 1748 sequebantur
959 1730 969 1748 ‚
987 1713 1065 1738 non
1086 1706 1264 1748 tanquam
1283 1699 1329 1736 ad
1347 1697 1547 1747 proelium,

274 1770 341 1808 per
363 1758 484 1797 aciem
502 1761 537 1798 ἃ
563 1759 757 1799 distineri-‚s
773 1760 946 1808 ordines;
971 1759 1035 1798 sed
1058 1767 1100 1799 ut
1123 1759 1260 1807 cuique
1273 1771 1436 1808 pronum
1453 1766 1547 1805 erat,

271 1817 436 1856 hostium
463 1826 662 1857 contemtu
694 1827 963 1869 properantes:
986 1831 1030 1857 ac
1054 1818 1251 1868 postquam
1279 1818 1436 1867 propius
1464 1816 1547 1867 sug.

272 1878 378 1929 gressi
394 1879 587 1930 suspensos
609 1894 655 1920 ex
670 1882 791 1932 proris
814 1881 978 1920 adversae
997 1882 1110 1931 partis
1131 1880 1392 1930 minantesque
1413 1891 1548 1919 corvos

271 1941 472 1990 viderunt3
494 1944 548 1981 rei
576 1944 789 1983 novitatem
809 1943 983 1982 admirati
1006 1942 1192 1993 paulisper
1210 1942 1359 1982 haesere.
1389 1943 1544 1982 tandem

275 2000 506 2041 ferociffimo
534 2016 687 2054 quoque
718 2005 981 2055 imperitorum
1006 2005 1209 2044 hominum
1231 2005 1324 2044 rude
1352 2016 1548 2044 commen—
1596 2023 1599 2024 ⁷

272 2070 356 2100 tum
374 2063 572 2108 deridente
585 2094 595 2113 ‚
614 2065 743 2114 primae
765 2079 922 2116 quaeque
945 2080 1057 2106 naves
1073 2069 1266 2106 concitato
1284 2068 1426 2117 impetu
1444 2067 1548 2106 inve-

270 2123 424 2163 huntur.
453 2126 555 2164 Tum
577 2140 666 2166 vero
696 2127 843 2167 demiffi
869 2138 1023 2179 repente
1046 2130 1170 2176 corvi,
1199 2136 1242 2168 ut
1273 2129 1312 2166 in
1336 2127 1546 2177 quamlibet

272 2185 510 2234 inciderunt,
537 2188 588 2226 ita
612 2189 803 2238 perforato
828 2190 1001 2229 tabulato
1023 2190 1208 2229 haerentes
1228 2190 1388 2227 invitam
1406 2190 1545 2226 retine-

271 2245 385 2285 bant:
416 2248 553 2287 milites
578 2258 706 2288 autem
734 2251 923 2298 Romani,
950 2252 1133 2301 siquidem
1157 2249 1233 2288 sors
1263 2248 1402 2287 tulerat
1428 2256 1470 2286 ut
1497 2260 1544 2288 ex

274 2306 455 2344 lateribus
481 2321 595 2346 naves
621 2313 965 2359 connecterentur,
991 2313 1098 2350 omni
1125 2322 1170 2349 ex
1193 2318 1299 2359 parte
1326 2309 1364 2347 in
1393 2307 1546 2348 hostiles

272 2367 511 2408 infiliebant:
536 2371 686 2418 quoties
711 2379 839 2410 autem
864 2386 982 2422 prorae
1007 2380 1155 2411 tantum
1183 2370 1386 2409 eommiss'ae
1404 2370 1543 2418 efflent,

270 2442 337 2481 per
365 2429 486 2480 ipsum
513 2432 661 2482 tignum
693 2445 959 2486 annexumque
987 2443 1148 2486 pontem
1180 2433 1313 2474 armati
1344 2432 1422 2473 bini
1446 2440 1547 2473 tran„

317 2545 340 2589 5
363 2545 423 2582 VI„
446 2545 534 2583 Flor.
560 2557 578 2583 2
594 2572 605 2590 ‚
629 2558 662 2584 2.
685 2547 805 2594 Polyb.
