1701 3008
273 211 355 259 IN
401 210 580 258 LOCJ
621 207 760 255 LIB.
803 204 950 253 XIV
997 202 1147 252 LIV.
1276 219 1366 268 157

76 320 257 362 omnium
283 317 506 358 hominibus
534 317 746 367 injecerat:
789 313 973 364 citatique
996 312 1164 362 juniores
1190 309 1367 351 militiam

80 384 178 424 mira
194 380 445 422 obstinatione
460 378 733 419 detrectabant.
753 377 828 417 Sed
842 375 1097 426 pervicaciam
1115 375 1220 414 istam
1234 373 1370 414 severi-

78 453 140 484 tas
161 446 196 485 Sc
209 444 418 498 constantia
433 443 490 484 M.
505 443 609 483 Curii
626 441 779 482 Dentati
797 440 1009 479 secundum
1026 437 1191 479 consulis
1205 438 1331 490 ftegit.

136 502 305 545 XXVII.
338 503 374 543 Is
398 504 529 551 enim,
561 502 602 542 L.
635 500 813 542 Cornelio
843 499 1007 540 Lentulo
1040 499 1215 551 collega,
1242 500 1369 551 magi·-

78 568 239 606 stratum
266 568 344 617 jam
371 567 542 606 iniverat.
584 565 699 605 —Cum
736 564 853 616 igitur
876 564 918 602 in
949 563 1142 614 Capitolio
1176 562 1368 604 deleftum

82 628 245 669 haberet
268 629 404 670 Curius
418 660 430 678 ‚
453 627 714 679 respondente
736 625 843 665 nullo
857 656 869 673 ‚
892 624 1081 665 vocabula
1102 625 1271 665 tribuum
1288 639 1370 669 om-

82 694 195 731 nium
215 694 256 732 in
267 705 402 731 urnam
425 688 588 741 conjici,
606 703 772 741 cumque
794 688 914 730 Pollia
938 687 1058 727 tribus
1075 688 1221 728 exiisset
1234 721 1246 738 ,
1263 690 1370 740 quod

82 773 134 801 ex
156 772 201 799 ea
224 768 368 796 nomen
396 755 565 807 primum
589 753 687 794 sorte
712 753 895 792 educ‘tum
921 759 1024 799 erat,
1048 752 1155 790 citari
1177 752 1291 801 jusiit.
1311 764 1369 793 ta-

87 833 176 861 cere
194 817 474 871 perseverantis
499 817 602 856 bona
636 817 831 868 primum,
858 814 998 855 deinde
1023 825 1111 852 cum
1136 815 1297 865 graviter
1325 816 1372 856 de

80 881 251 924 consulis
286 881 424 932 injuria
458 880 608 932 questus
636 879 812 920 tribunos
836 877 1087 931 appellasset,
1116 877 1240 929 ipsum
1272 893 1375 930 quo..

84 957 160 996 que
184 942 388 983 vendidit:
427 942 521 980 nihil
549 956 639 996 opus
666 940 728 994 ff
754 941 948 994 reipublicae
969 955 1007 979 co
1033 941 1133 988 cive,
1152 942 1210 992 qui
1229 942 1370 994 nesciret

81 1021 226 1060 parere,
251 1004 444 1056 praefatus.
474 1016 600 1054 neque
629 1002 774 1042 tribuni
798 1000 943 1041 auxilio
969 1001 1126 1040 fuerunt
1148 1015 1156 1041 :
1186 1003 1221 1041 ἃ
1247 1002 1376 1053 postea

85 1079 241 1117 quoque
253 1065 409 1106 salubris
425 1064 589 1116 exempli
604 1065 775 1115 judicata
792 1075 849 1102 res
870 1063 909 1101 in
925 1061 1240 1102 consuetudinem
1258 1062 1376 1102 trans-

83 1127 155 1175 iit3
195 1135 238 1165 ut
271 1125 424 1166 delec‘tu
457 1127 528 1166 rite
556 1130 665 1175 asto,
691 1127 755 1178 qui
788 1124 897 1164 miles
927 1125 1052 1165 faetus
1082 1138 1160 1164 non
1189 1123 1305 1173 esset,
1335 1126 1377 1165 in

87 1190 308 1230 servitutem
334 1190 573 1231 venderetur.
600 1192 689 1232 Hoc
706 1199 849 1230 terrore
868 1189 983 1229 ceteri
1004 1188 1129 1228 adad‘ti
1150 1188 1199 1228 ad
1216 1189 1375 1229 nomina

85 1251 275 1303 promtius
306 1251 459 1291 danda:
495 1249 793 1301 conscriptisque
823 1248 1039 1301 legionibus
1057 1280 1068 1297 ,
1095 1263 1177 1299 quae
1212 1250 1373 1290 decretae

87 1323 221 1361 erant,
248 1314 287 1351 in
312 1313 646 1353 hosticumambo
677 1311 850 1352 consules
877 1320 1106 1351 moverunt:
1132 1312 1313 1351 Lentulus
1338 1307 1386 1352 in⁴

87 1375 298 1416 Lucaniam
326 1376 462 1424 irruit3
496 1376 686 1415 Samnitas
710 1375 864 1414 adortus
891 1373 944 1412 est
973 1373 1119 1414 Curius.
1151 1373 1308 1414 Excitus
1328 1375 1379 1414 ad

88 1439 173 1486 ejus
200 1437 253 1476 rei
279 1437 424 1477 famam
449 1438 636 1490 Pyrrhus,
653 1437 808 1478 lustrato
832 1437 988 1478 Tarenti
1011 1436 1181 1476 exercitu
1205 1437 1296 1486 suo,
1313 1450 1381 1489 pe-

86 1498 216 1538 ditum
247 1497 370 1538 ferme
396 1499 531 1551 viginti
555 1499 700 1547 millia,
721 1499 795 1538 tria
820 1498 993 1550 equitum
1013 1497 1213 1537 recensuit.

144 1560 331 1602 XXVIII.
361 1561 461 1602 Cum
482 1562 564 1611 his,
589 1564 622 1602 Ge
650 1561 797 1602 delefta
825 1561 1123 1602 Tarentinorum
1150 1561 1378 1609 juventute,

93 1623 294 1664 Samnium
334 1624 545 1675 ingressus,
573 1625 761 1666 Samnitas
793 1625 897 1664 dieto
927 1624 1055 1663 minus
1085 1623 1281 1662 audientes
1315 1622 1380 1662 ha-

90 1685 198 1733 buit;
227 1686 446 1738 tardiusque
473 1688 522 1727 ad
558 1701 646 1727 eum
671 1685 813 1727 auxilia
847 1688 883 1727 δε
909 1679 1187 1736 irifrequentius
1216 1697 1380 1733 venere,

90 1747 230 1786 animis
256 1761 335 1787 non
361 1748 414 1789 ob
453 1749 626 1790 cladium
656 1750 777 1788 modo
813 1748 1119 1800 magnitudinem
1149 1747 1249 1787 fessis
1269 1778 1279 1796 ,
1315 1747 1383 1786 sed

85 1810 207 1848 etiam
232 1809 458 1851 exulceratis
479 1843 489 1860 ‚
508 1825 555 1852 eo
592 1812 698 1864 quod
724 1811 877 1851 istarum
907 1810 1058 1850 causam
1085 1810 1227 1862 Pyrrho
1256 1811 1379 1861 impu-

91 1870 251 1919 tabant,
276 1881 355 1911 tam
381 1873 498 1913 tristia
533 1887 611 1913 non
641 1873 804 1926 passuri,
835 1873 900 1913 nisi
931 1872 1091 1924 proditis
1124 1871 1283 1912 discessu
1313 1872 1381 1912 suo

92 1933 235 1974 Italicis
264 1933 395 1985 sociis,
422 1938 715 1988 expeditionem
746 1936 914 1978 Siculam
942 1935 1006 1975 ille
1039 1935 1269 1987 suscepisset.
1310 1937 1383 1977 Ve-

93 1996 312 2038 rumtamen
337 1999 387 2038 sic
409 2013 562 2052 quoque
588 2002 735 2053 magnis
762 2000 962 2040 instructus
986 2000 1131 2050 copiis,
1156 2008 1301 2049 partem
1323 2012 1383 2038 ea-

91 2073 178 2100 rum
203 2061 244 2100 in
268 2061 501 2111 Lucaniam,
524 2063 574 2102 ad
602 2063 858 2103 distinendum
894 2061 1052 2102 alterum
1093 2059 1288 2100 consulem
1315 2062 1383 2100 mi-

93 2123 166 2172 fit3
199 2122 278 2174 ipse
315 2123 422 2165 Man.
455 2125 612 2165 Curium
645 2138 871 2177 oppugnare
899 2123 1088 2176 aggressus
1118 2124 1196 2171 est,
1229 2123 1387 2164 facilem

96 2185 166 2226 fibi
189 2185 375 2238 reliquam
396 2187 595 2228 vietoriam
621 2187 704 2226 fore
730 2197 831 2227 ratus
847 2219 858 2234 ,
875 2187 898 2226 si
918 2187 1020 2225 hunc
1038 2185 1289 2237 superavisset.
1311 2186 1386 2226 Ro-

96 2260 232 2288 manus
265 2258 418 2298 autem,
448 2263 585 2302 gnarus
612 2248 793 2301 phalangi
825 2250 1119 2294 macedonicae‚
1147 2247 1172 2287 s1
1200 2247 1388 2299 explicari

97 2310 211 2361 possit
229 2340 243 2354 ,
279 2311 426 2352 nullam
461 2313 585 2352 aciem
615 2323 745 2363 parem
775 2310 872 2358 esse,
898 2310 991 2350 locis
1016 2309 1214 2362 impeditis
1241 2308 1278 2349 se
1298 2317 1389 2348 tuc-

152 2434 172 2477 §
196 2433 319 2467 XXVI.
339 2434 433 2479 Pigh.
451 2436 483 2468 in
504 2437 615 2470 annal.
636 2435 732 2470 Rom.
758 2437 866 2471 Varro
890 2436 924 2470 in
949 2436 1017 2470 Sat.
1060 2428 1231 2482 Γέροντος
1268 2426 1389 2467 Σιθω-

97 2481 258 2518 ‘’t-&Aw-
287 2490 308 2533 5
328 2489 466 2525 xxvn.
486 2493 562 2527 Vul.
583 2494 674 2526 Max.
698 2493 738 2534 6,
763 2505 800 2537 3,
817 2506 849 2535 4,
874 2493 948 2530 Liv.
967 2495 1055 2537 Epir.
1077 2505 1129 2535 14.
1149 2493 1221 2528 Cic.
1255 2504 1317 2536 pro
1338 2493 1382 2526 A..

99 2533 178 2568 Gec.
201 2545 272 2577 cap·
300 2545 352 2580 34.
376 2535 464 2573 Plut.
487 2537 523 2576 in
545 2537 664 2583 Pyrrh,
689 2551 717 2571 c.
747 2549 799 2581 54.
