1701 3008
263 179 344 227 IN
390 180 565 228 [ΟΕ.
609 179 744 238 Lrss.
796 181 1016 229 xviri
1069 184 1221 232 ων.
1323 203 1418 253 239

136 284 247 335 sent,
274 287 446 336 quietum
477 287 546 326 iter
581 286 677 326 hosti
712 301 791 326 non
823 289 1059 338 concedere,
1093 290 1158 330 sed
1185 292 1335 333 diverfis
1364 306 1416 336 ex

137 349 307 400 partibus
332 362 485 399 carpere
511 351 739 400 morarique.
769 350 947 391 Ceterum
970 352 1160 392 Hannone
1184 355 1231 394 ad
1256 368 1419 406 praemu.

138 412 322 451 niendam
355 411 626 464 Carthaginem
663 411 887 461 festinante,
914 413 1110 454 Hamilcar
1137 415 1232 455 nihil
1264 430 1419 459 movere

136 474 273 523 ausus,
302 473 496 514 Heracleae
523 473 559 512 se
586 475 779 512 continuit
802 489 811 514 :
843 487 958 514 naves
991 476 1172 517 Romanae
1207 480 1244 518 ὃς
1272 479 1319 519 ab
1345 479 1418 528 ho,

135 537 252 578 stibus
287 540 322 578 δε
350 551 370 576 a
394 537 615 588 tempestate
645 546 827 587 pacatum
854 539 926 577 iter
955 538 1182 582 habuerunt.

189 603 257 642 XI.
296 603 432 652 Neque
467 602 694 649 defuerant,
723 601 785 651 qui
822 601 1071 653 longinquam
1102 606 1386 656 navigationem
1412 639 1425 659 ‚

137 666 174 705 ὅ(
201 664 334 704 hostile
361 664 452 702 litus
471 695 482 712 ,
506 662 704 713 ipsumque
732 663 869 703 Africa:
900 678 1042 704 nomen
1077 667 1417 719 exhorrescerent3

135 736 223 765 ante
251 736 398 765 ceteros
430 726 633 772 imperium
661 725 900 765 detredrante
921 727 1076 785 tribuno
1105 730 1270 770 militum
1301 732 1419 772 Man-

133 788 199 828 nio
218 800 226 827 :
258 786 323 825 sed
346 783 523 823 adversus
544 783 647 822 hunc
664 785 714 822 ita
737 785 869 823 exarsit
890 784 1056 835 Regulus
1071 816 1082 834 ,
1108 795 1149 825 ut
1172 788 1294 838 virgas
1314 789 1418 830 secu-

133 849 282 898 rimque
311 845 571 890 minitaretur,
592 844 629 882 ni
658 843 845 894 paruisset.
874 845 926 884 ita
942 847 1099 884 demum
1125 848 1333 897 praestitum
1363 851 1417 890 esl:

135 909 362 960 obsequium
376 906 537 955 consuli,
555 907 877 956 formidinemque
893 908 1096 958 navigandi
1114 912 1270 960 propior
1286 915 1322 952 ἃ
1339 927 1418 954 ma..

133 974 194 1022 jor
216 979 341 1011 metus
356 969 515 1020 expulit.
538 970 758 1009 Hermaeum
775 972 1039 1019 promontorio
1057 985 1201 1011 nomen
1221 975 1293 1024 est,
1311 978 1416 1027 quod

133 1047 156 1073 a
185 1033 264 1072 smu
303 1031 542 1084 Carthaginis
571 1031 609 1069 in
639 1045 741 1071 mare
775 1032 947 1071 Siculum
970 1032 1044 1072 late
1074 1037 1262 1084 procurrit
1287 1049 1296 1077 ε
1329 1051 1418 1079 eam

131 1109 239 1136 oram
269 1096 400 1147 primae
434 1095 699 1134 Romanorum
738 1109 851 1135 naves
886 1105 1104 1136 tenuerunt.
1141 1098 1193 1138 ibi
1224 1100 1415 1152 paulisper

132 1159 348 1210 exspectato
361 1191 371 1208 ,
390 1159 514 1197 donec
540 1166 621 1198 tota
640 1157 758 1198 claffis
775 1159 1007 1199 convenisset
1022 1192 1033 1206 ,
1047 1159 1136 1199 litus
1157 1161 1295 1202 Africae
1319 1177 1415 1215 prae..

131 1221 289 1260 tervet‘ti
314 1215 486 1260 consules
513 1221 562 1260 ad
591 1220 775 1271 Clupeam
804 1220 940 1260 urbem
964 1235 1179 1273 pervenere.
1208 1224 1271 1264 hic
1294 1225 1413 1278 legio-

132 1296 200 1322 nes
232 1283 408 1333 expositae
435 1282 543 1330 sunt,
568 1282 801 1333 navibusque
831 1283 871 1322 in
900 1292 1054 1334 portum
1087 1284 1416 1337 subduc‘tis,·val-'

131 1345 213 1384 lum
243 1357 287 1384 ac
314 1344 428 1391 fossa,
451 1357 526 1395 quo
550 1346 709 1384 tutiores
736 1343 878 1393 essent,
895 1346 1154 1387 circumdata:
1187 1348 1276 1388 urbs
1293 1380 1304 1398 ,
1321 1351 1412 1401 quia

132 1407 367 1447 deditionem
392 1406 606 1454 abnuebat,
628 1405 791 1455 obseffa,
811 1407 1011 1458 statimque
1037 1418 1140 1447 metu
1167 1409 1307 1450 civium
1335 1412 1412 1452 five

131 1470 265 1510 dedita
284 1469 358 1508 five
374 1469 520 1508 deserta
539 1474 656 1517 (nam
680 1476 885 1520 utrumque
909 1471 1096 1522 traditur)
1116 1473 1156 1511 in
1178 1474 1409 1524 potestatem

134 1533 396 1574 Romanorum
420 1533 613 1572 concellit.

183 1594 274 1634 XII.
303 1595 352 1633 At
368 1592 719 1644 Carthaginienses,
737 1606 951 1645 quanquam
974 1594 1060 1634 sane
1084 1596 1176 1636 dura
1202 1599 1238 1637 Sc
1264 1598 1408 1640 insueta

131 1663 374 1706 paterentur,
396 1664 524 1694 tamen
551 1655 841 1706 gratulabantur
868 1655 932 1695 fibi
950 1687 960 1704 ,
990 1658 1092 1707 quod
1117 1658 1310 1708 aliquanto
1336 1664 1407 1701 mi.

129 1720 228 1758 tiora
249 1718 462 1757 formidatis
490 1718 722 1757 accidissent.
749 1719 965 1759 Metuerant
994 1721 1094 1758 enim
1120 1723 1250 1760 audito
1270 1736 1407 1775 pugnae

129 1779 272 1823 navalis
292 1780 408 1827 exitu,
430 1794 477 1820 ne
494 1781 664 1831 protinus
687 1782 733 1820 ad
748 1782 864 1832 ipsam
885 1782 1149 1832 Carthaginem
1165 1785 1325 1825 vit-stores
1340 1799 1406 1826 co-

131 1842 203 1892 piae
231 1841 470 1882 ducerentur.
500 1843 632 1894 Itaque
657 1844 834 1883 nonnihil
862 1858 909 1884 ex
935 1846 1057 1895 priore
1086 1857 1188 1885 metu
1215 1848 1405 1900 respiran-

130 1912 188 1943 tes
218 1904 256 1942 in
281 1903 560 1945 contrahendas
595 1908 726 1957 copias
764 1907 972 1957 urbemque
1000 1911 1033 1947 ὅ(
1060 1907 1312 1950 suburbanam
1346 1924 1410 1958 re-j

135 1966 287 2017 gionem
315 1967 497 2006 tuendam
522 1968 657 2007 intenti
679 1977 794 2008 erant.
827 1969 1009 2010 Consules
1032 1971 1173 2010 interea
1202 1972 1314 2012 miffis
1330 1974 1406 2015 Ro-

130 2041 233 2067 mam
264 2027 430 2074 nuntiis,
457 2029 522 2078 qui
553 2031 588 2068 ὅ(
616 2042 671 2068 res
700 2030 882 2070 haftcnus
905 2031 1021 2081 gestas
1050 2026 1257 2083 docerent,
1292 2037 1326 2074 Sc
1354 2037 1403 2076 de

129 2086 350 2126 instantibus
377 2086 601 2128 sententiam
628 2090 778 2131 Parrum
811 2093 1072 2142 exquirerent,
1101 2093 1285 2144 Clupeam
1314 2109 1407 2135 mu-

129 2150 272 2197 niunt,
302 2159 343 2188 ut
372 2163 414 2195 ea
440 2149 528 2189 sede
560 2150 647 2190 belli
687 2162 911 2193 uterentur:
947 2148 1193 2205 praesidioque
1219 2157 1269 2195 ad
1302 2158 1404 2198 urbis

130 2212 166 2249 ὃ(
199 2211 277 2262 agri
307 2211 517 2251 custodiam
550 2213 750 2263 impolito,
778 2227 864 2254 cum
901 2217 1033 2255 ceteris
1067 2216 1246 2257 omnibus
1282 2220 1402 2270 copiis
1440 2226 1443 2230 ’

128 2271 278 2322 longius
310 2272 509 2325 progreffi,
538 2274 778 2314 cultiffimam
807 2277 1028 2326 regionem,
1053 2287 1186 2328 utpote
1211 2293 1293 2331 quae
1318 2281 1401 2331 post

127 2332 349 2383 Agathoclis
382 2344 556 2388 tempora
589 2337 729 2377 ferrum
760 2338 932 2379 hostilem
967 2353 1045 2379 non
1073 2341 1242 2392 viderat,
1263 2356 1400 2394 perpo-

173 2461 194 2501 Β
218 2460 261 2494 Χ.
288 2462 364 2497 val.
383 2462 476 2498 Max.
504 2464 546 2507 6,
564 2464 594 2500 6.
612 2464 734 2501 Zonar.
753 2465 870 2513 Polyb.
893 2467 928 2512 §-
958 2467 1016 2502 Xl.
1036 2469 1122 2504 [Ἰοῖ.
1150 2480 1193 2513 2,
1217 2481 1246 2505 2.
1271 2469 1393 2514 Polyb.

127 2503 254 2541 Zonar.
