1701 3008
330 178 394 225 '16
697 174 1274 225 T1T1L1V11

329 287 390 334 do
423 285 634 333 dictatore
666 282 859 329 consulis
884 283 1152 348 subrogandi
1173 283 1359 332 comitia
1376 320 1389 341 ‚
1412 302 1476 340 ‚ex
1509 286 1606 336 sen-i

327 360 464 407 tentia
483 357 734 422 principum
756 356 904 403 habita
919 393 932 415 ,
954 357 1262 405 deterruerint.
1286 360 1350 405 M.
1373 360 1606 406 Valerium

328 434 555 481 consulem
600 448 757 479 omnes
804 430 1033 479 sententiae
1076 433 1380 498 centuriaeque
1417 434 1605 495 dixere,

325 522 457 569 quem
488 504 659 551 senatus
686 504 948 551 diCtatorem
977 505 1065 552 dici
1093 504 1280 566 juffurus
1317 505 1475 554 fuerat.
1509 519 1608 554 tum

322 576 552 639 extemplo
573 576 618 622 in
650 577 871 624 Etruriam
900 578 953 623 ad
987 568 1188 642 legiones
1221 578 1604 642 proficiscijussit.

320 650 560 697 Adventus
591 649 685 710 ejus
720 651 977 712 compreffit
997 651 1228 709 Etruscos,
1249 653 1363 698 adeo
1391 664 1443 699 ut
1464 669 1604 699 nemo

319 734 446 768 extra
470 721 740 768 munimenta
756 723 904 785 egredi
924 723 1131 780 auderet,
1152 724 1379 788 timorque
1399 725 1604 788 ipsorum

321 793 550 840 obsidioni
587 793 738 840 fimilis
773 794 890 841 effet.
930 811 1077 858 neque
1104 796 1214 842 'illos
1254 812 1406 844 novus
1446 795 1605 843 consul

320 867 543 915 vastandis
569 867 683 931 agris
715 867 982 931 urendisque
1012 869 1162 926 τεθεὶς,
1191 886 1292 916 cum
1320 869 1472 932 paffim
1505 885 1602 915 non

320 941 444 987 villae
480 939 655 999 solum,
690 941 764 987 sed
795 941 1049 1004 frequentes
1077 958 1260 1005 quoque
1291 942 1416 999 vici,
1444 942 1606 988 incen-

320 1013 405 1059 diis
439 1012 689 1070 fumarent,
728 1013 888 1059 elicere
924 1012 980 1058 ad
1017 1028 1241 1059 certamen
1277 1013 1440 1074 potuit.
1480 1015 1602 1060 Cum

320 1086 412 1131 hoc
443 1085 615 1146 segnius
649 1085 815 1131 bellum
844 1084 1064 1148 opinione
1094 1086 1223 1144 esset,
1257 1085 1436 1133 alterius
1463 1087 1601 1147 belli,

324 1157 451 1221 quod
478 1155 630 1202 multis
659 1156 855 1202 invicem
889 1157 1087 1204 cladibus
1111 1157 1231 1204 haud
1256 1158 1484 1205 immerito
1510 1171 1602 1206 ter-

321 1228 451 1275 ribile
484 1239 602 1284 erat,
632 1227 746 1273 fama
773 1227 1051 1286 Picentium,
1090 1245 1321 1277 novorum
1345 1231 1599 1289 sociorum,

321 1299 495 1347 indicio
532 1310 690 1345 exorta
731 1298 829 1345 est:
867 1303 1078 1346 Sanmites
1108 1320 1224 1347 arma
1270 1301 1312 1349 δ’
1346 1306 1601 1351 rebellionem

314 1372 495 1434 ἱ[ῥεὲἳανε
513 1407 527 1429 ,
546 1372 671 1432 seque
690 1374 741 1416 ab
761 1375 814 1417 iis
832 1375 1088 1434 sollicitatos
1109 1374 1191 1438 effe.
1227 1375 1481 1423 Picentibus
1501 1394 1601 1440 gra-

322 1445 400 1491 tiae
421 1446 527 1491 2&ae
544 1479 558 1501 ‚
584 1446 633 1490 &
661 1461 819 1508 magna
846 1462 944 1507 pars
978 1462 1096 1492 curae
1126 1446 1326 1493 Patribus
1348 1447 1403 1493 ab
1424 1448 1599 1494 Etruria

322 1518 371 1563 in
390 1517 603 1562 Samnites
629 1516 752 1564 versa
776 1517 849 1563 est.
875 1517 1044 1563 Caritas
1069 1517 1199 1564 etiam
1218 1535 1410 1565 annonae
1427 1518 1598 1566 sollici-

323 1604 414 1636 tam
437 1588 666 1637 civitatem
690 1589 866 1635 habuit:
902 1602 1178 1653 ventumque
1212 1592 1266 1637 ad
1295 1591 1463 1654 inopiae
1490 1591 1599 1637 ulti-

322 1680 448 1711 mum
477 1662 621 1718 foret,
655 1675 707 1709 ut
737 1662 972 1724 scripsere,
1005 1664 1163 1728 quibus
1192 1664 1363 1711 aedilem
1393 1663 1519 1711 fuiffe
1540 1680 1597 1710 eo

323 1753 447 1783 anno
465 1735 647 1781 Fabium
669 1735 915 1782 Maximum
937 1736 1102 1799 placet,
1135 1737 1181 1783 ni
1215 1736 1310 1798 ejus
1336 1737 1425 1785 viri
1464 1754 1596 1795 cura,

325 1808 467 1871 qualis
501 1808 548 1853 in
587 1807 757 1855 bellicis
788 1809 918 1854 rebus
951 1809 1100 1855 multis
1130 1809 1464 1871 tempestatibus
1496 1809 1596 1856 fue-

324 1891 393 1927 rat
409 1915 422 1937 ‚
439 1879 538 1925 talis
561 1879 684 1926 domi
713 1891 808 1926 tum
829 1880 874 1925 in
893 1897 1086 1926 annonae
1108 1879 1434 1943 dispensatione
1448 1917 1462 1940 ,
1483 1899 1599 1944 prae-

325 1951 523 2015 parando
544 1969 594 1998 ac
626 1952 928 2000 convehendo
957 1952 1214 2009 frumento,
1241 1952 1401 2000 fuisset.
1433 1956 1504 2000 Eo
1523 1971 1599 2001 an-

325 2041 390 2071 no
422 2023 533 2088 (nec
551 2025 738 2071 traditur
758 2024 912 2088 causa)
931 2025 1231 2088 interregnum
1250 2025 1424 2072 initum.
1460 2026 1598 2072 inter-

326 2114 449 2160 reges
473 2097 594 2143 fuere
615 2099 699 2160 Ap.
719 2097 932 2144 Claudius
947 2133 961 2155 ,
987 2098 1088 2144 dein
1107 2099 1154 2145 P.
1178 2098 1417 2160 Sulpicius.
1453 2101 1491 2144 Is
1513 2114 1597 2146 co-

326 2171 451 2217 mitia
481 2169 728 2217 consularia
752 2170 916 2217 habuit.
948 2172 1120 2218 creavit
1148 2171 1477 2218 L.-Corneliu1n
1504 2170 1597 2217 Sci·

325 2239 533 2303 pionem,
551 2240 635 2287 Cn.
649 2240 856 2287 Fulvium
877 2242 1092 2288 consules.
1122 2241 1352 2304 Principio
1371 2240 1501 2302 hujus
1520 2259 1597 2288 an-

325 2312 375 2357 ni
406 2322 608 2358 oratores
639 2314 921 2360 Lucanorum
953 2315 1006 2360 ad
1037 2331 1188 2362 novos
1219 2315 1421 2362 consules
1452 2331 1594 2362 vene-

320 2396 463 2440 runt,
496 2383 694 2446 questum
715 2421 730 2441 ‚
774 2389 870 2446 quia
901 2390 1207 2434 conditionibus
1231 2391 1415 2448 pellicere
1435 2389 1484 2448 se
1518 2407 1592 2434 ne-

325 2455 528 2516 quiverint
545 2457 605 2500 ad
605 2456 839 2516 societatem
857 2476 1084 2517 armorum,
1098 2462 1306 2505 Sanmites
1324 2460 1465 2527 infesto
1481 2478 1592 2506 exer-
