1701 3008
256 220 341 268 IN
395 216 956 267 LOC.L1B.XV1
1008 217 1149 264 LIV.
1307 214 1398 279 187

99 328 215 370 etiam
232 328 272 368 in
291 328 477 380 Hispania
497 327 674 366 civitates
698 324 873 376 quaedam
890 323 1144 376 stipendiariae
1164 322 1291 372 faetae,
1306 335 1400 362 cum

100 391 303 430 Gaditanis
326 404 443 442 opem
471 388 656 428 adversus
686 385 839 442 ac'colas
859 385 1107 437 petentibus,
1138 392 1304 435 cognato
1331 398 1400 435 po«

99 452 196 504 pulo
220 458 341 507 (nam
369 456 405 493 δέ
429 452 554 493 Gades
582 451 688 502 Tyrii
715 449 999 498 condiderant)
1027 447 1215 488 auxilium
1241 446 1399 487 Cartha-

102 518 196 567 gine
221 517 395 564 missum,
420 516 566 556 vicinas
596 513 744 564 aliquot
770 511 968 562 Hispaniae
994 512 1170 562 regiones
1189 509 1325 550 Punici
1342 510 1403 558 ju-

31 610 39 620 ,
100 579 154 617 ris
187 578 292 618 fecit.

156 642 209 681 X.
254 642 288 681 Is
313 641 435 680 ferme
465 636 706 687 Carthaginis
740 636 856 676 status
888 643 994 684 erat,
1017 648 1094 686 quo
1119 643 1295 686 tempore
1322 632 1406 674 bel-

103 702 188 743 lum
216 703 395 743 adversus
424 703 621 743 Romanos
655 699 833 740 sumsere.
880 697 1051 738 Siciliam
1079 711 1170 737 vero
1187 729 1201 747 ‚
1227 710 1302 747 qua
1335 697 1406 736 Pu-

103 766 202 804 nicae
235 765 374 804 ditioni
400 764 570 814 subjet‘ta
598 776 679 801 nori
708 770 813 810 erat,
842 760 978 809 majori
999 773 1045 799 ex
1074 768 1184 811 parte,
1204 758 1405 810 Syracusa·

102 827 171 875 ni,
197 828 233 866 Sc
266 826 348 866 Rex
375 839 509 865 eorum
548 825 666 865 Hiero
695 822 942 874 possidebat:
976 821 1121 872 reliqua
1148 822 1405 862 Mamertino-

101 900 187 926 rum
206 888 320 926 armis
342 886 584 927 tenebantur.
610 885 641 926 Ii
664 886 791 924 donec
811 884 1103 931 Romanorum,
1123 883 1189 933 qui
1210 881 1404 933 Rhegium

102 958 389 1001 occupaverant
405 981 416 998 ‚
437 948 618 990 societate
636 948 693 988 uti
709 957 872 999 potuere
885 976 896 996 ,
914 946 980 986 sua
996 945 1207 985 defendisse
1223 959 1302 984 non
1315 957 1409 985 con„

101 1012 225 1059 tenti,
251 1012 369 1050 etiam
390 1011 554 1050 Punicos
577 1008 908 1061 Syracusanosque
926 1008 1020 1047 fines
1043 1006 1316 1048 incursabant:
1341 1006 1408 1045 de-

92 1074 222 1124 ,nique
251 1073 397 1124 oppida
421 1072 559 1113 Siciliae
586 1070 733 1118 multa,
760 1084 837 1121 quo
866 1069 1118 1110 vastationem
1145 1081 1349 1120 agrorum,
1369 1069 1407 1107 δε

105 1138 179 1177 alia
210 1137 463 1176 incommoda
495 1135 757 1183 redimerent,
791 1133 954 1186 veffigal
981 1133 1151 1184 pendere
1179 1138 1405 1182 coegerunt.

107 1202 185 1242 Sed
225 1209 444 1251 expugnata
479 1199 575 1238 urbe
610 1197 813 1249 Rhegina,
849 1194 1184 1246 defectoribusque
1214 1193 1407 1244 supplicio

107 1263 254 1303 affeffis
270 1293 280 1311 ,
314 1263 448 1302 nudati
473 1261 550 1301 hoc
580 1260 748 1300 subfidio
776 1258 1002 1300 Mamertini
1026 1257 1170 1308 priores
1196 1268 1289 1307 opes
1308 1254 1411 1293 tueri

108 1328 363 1378 nequiverunt
383 1341 392 1368 :
425 1329 460 1366 δε
477 1325 617 1366 amiffis
643 1325 783 1372 ferme,
806 1337 890 1374 quae
915 1330 1018 1361 extra
1039 1320 1251 1361 Meffanam
1276 1325 1411 1358 tenue-

107 1398 223 1436 rant,
250 1390 298 1429 de
327 1389 422 1430 urbe
450 1388 531 1439 ipsa
556 1401 647 1427 cum
679 1387 855 1427 Hierone
888 1383 1124 1436 Syracusano
1155 1381 1412 1422 dimicabant.

108 1453 169 1496 De
203 1466 280 1504 quo
313 1453 447 1504 Rege,
477 1451 665 1502 quoniam
696 1449 775 1501 ipse
804 1461 959 1500 quoque
992 1445 1235 1497 temporibus
1264 1444 1412 1484 eisdem

108 1515 229 1555 hostis
258 1514 395 1567 populi
425 1513 619 1562 Romani,
642 1525 736 1551 mox
767 1524 835 1563 per
859 1522 979 1550 annos
999 1509 1089 1548 sane
1115 1506 1258 1546 multos
1285 1505 1413 1545 socius

107 1580 148 1620 ὃς
171 1579 320 1617 amicus
345 1575 583 1622 fidelissimus
599 1605 610 1624 ,
643 1576 678 1615 &
703 1575 836 1625 ingens
863 1574 912 1613 ad
938 1586 996 1612 res
1021 1569 1306 1612 constituendas
1327 1580 1412 1607 mo-

111 1651 288 1680 mentum
319 1639 421 1686 fuit·‚
454 1636 574 1689 paulo
595 1637 784 1687 copiofius
814 1626 1089 1688 exponendum
1113 1642 1221 1684 puto.
1248 1631 1351 1671 Nam
1375 1631 1413 1668 Sc

39 1737 48 1751 ,
111 1703 153 1742 in
176 1715 222 1741 eo
249 1715 330 1742 rara
351 1701 538 1748 felicitas,
569 1702 603 1740 Sc
626 1712 766 1750 magna
792 1699 938 1747 virtus,
967 1700 1002 1738 &
1026 1695 1240 1748 prudentiae
1258 1694 1315 1732 vis
1334 1692 1414 1731 exi-

110 1767 189 1806 mia
215 1767 314 1806 fuit:
343 1777 466 1816 eaque
492 1763 722 1815 tempestate
749 1762 1072 1821 Syracusanorum
1097 1771 1191 1811 opes
1216 1759 1252 1797 ἃ
1272 1756 1414 1796 florue-

111 1838 203 1869 runt
233 1842 322 1868 curn
353 1829 552 1875 Hierone,
579 1828 615 1866 δε
643 1825 909 1865 conciderunt.

169 1891 241 1932 XI.
258 1890 333 1930 Hic
350 1890 463 1941 igitur
482 1889 591 1930 nullo
609 1902 732 1940 neque
746 1888 970 1928 divitiarum
982 1917 995 1933 ‚
1012 1898 1139 1936 neque
1154 1883 1283 1935 glorias
1299 1895 1320 1921 a
1335 1893 1415 1920 ma-

114 1954 264 2004 joribus
283 1952 421 1993 relidtae
437 1985 449 2003 ,
470 1966 596 2004 neque
613 1953 687 1993 alio
705 1952 833 2003 aliquo
856 1950 922 1990 tali
939 1948 1113 2001 praesidio
1138 1949 1314 1996 adjutus,
1330 1956 1416 1983 om·

115 2029 205 2054 nem
225 2016 417 2054 fortunam
434 2014 538 2054 suam
557 2014 621 2054 fibi
640 2014 777 2054 debuit
799 2029 807 2052 :
829 2026 908 2052 non
920 2022 964 2052 ut
979 2011 1150 2062 plerique
1166 2009 1214 2049 ad
1232 2019 1414 2058 magnam

114 2080 330 2131 potentiam
353 2092 402 2118 ex
423 2079 529 2117 tenui
549 2078 638 2118 loco
663 2075 997 2117 criminationibus
1019 2074 1245 2121 meliorum,
1262 2079 1329 2110 aut
1349 2082 1415 2109 ne-

117 2155 162 2182 ce
187 2143 326 2193 fugave
355 2140 639 2181 adversantium
669 2142 897 2191 proveetum
925 2138 991 2178 sed
1015 2137 1201 2177 modestia
1226 2137 1261 2176 &
1286 2135 1325 2173 in
1351 2146 1418 2184 pa-

118 2205 246 2244 randis
271 2204 413 2255 opibus
431 2234 442 2252 ,
466 2205 501 2243 &
523 2203 563 2242 in
589 2202 802 2251 habendis,
827 2201 1003 2253 fingulari
1022 2194 1159 2251 &reete
1181 2198 1415 2247 conjiciens,

119 2265 269 2305 nullum
305 2265 379 2304 esse
417 2277 580 2315 regnum
612 2263 808 2312 stabilius,
837 2276 951 2313 quam
980 2262 1083 2313 quod
1114 2261 1166 2300 ita
1197 2268 1418 2304 exercetur,

121 2339 165 2367 ut
191 2329 311 2379 magis
339 2328 416 2368 hoc
442 2329 605 2368 timeant
643 2329 842 2377 amittere,
873 2327 1011 2378 quibus
1034 2327 1271 2377 imperatur,
1301 2335 1418 2373 quam

122 2392 189 2440 qui
204 2390 535 2471 imperat.)ltaque
553 2403 644 2429 cum
662 2403 782 2430 annos
799 2398 962 2440 quatuor
982 2390 1016 2428 ὃς
1033 2386 1308 2439 quinquaginta
1324 2397 1417 2435 pra:-

126 2515 291 2594 ἃξΟῙΧ.
325 2516 408 2551 Just.
431 2528 495 2559 22,
514 2517 534 2554 8
559 2517 592 2551 δι
611 2528 675 2562 23,
695 2530 727 2560 4.
751 2517 892 2551 Curtius
927 2529 968 2558 4.
995 2528 1028 2556 4,
1060 2517 1083 2561 g
1110 2516 1154 2550 Χ,
1182 2516 1300 2560 polyb⁸
1325 2525 1335 2546 1
1357 2538 1366 2555 ,
1396 2511 1417 2545 3
