1701 3008
267 218 848 266 I-iiS'i'OfflARUM
896 220 1029 265 LIB.
1070 219 1230 266 XXI.
1334 235 1426 283 397

140 329 300 376 anxius
334 327 489 392 inopia
512 365 525 387 ,
562 346 664 393 quae
703 345 782 392 per
809 327 1003 374 hostium
1044 344 1178 392 agros
1213 343 1394 377 euntem
1416 366 1430 389 ‚

139 401 357 465 nuso-,iam
394 401 652 463 praeparatis
684 400 1041 457 commeatibus,
1077 399 1224 463 maj0r
1256 401 1305 447 in
1339 401 1433 450 dies

139 476 393 537 excipiebat
409 510 421 531 ‚
444 475 499 521 ad
515 473 779 521 Clastidium
795 473 975 532 vicum,
994 489 1088 536 quo
1109 490 1321 537 magnum
1340 474 1434 522 fru-

139 550 281 596 menti
312 565 550 595 numerum
583 546 893 610 congesserant
924 546 1140 603 Romani,
1172 547 1324 596 mittit.
1366 549 1433 596 ibi

141 640 245 669 cum
271 621 366 668 vim
389 633 622 684 pararent,
650 620 744 683 spes
775 619 884 666 fabia
906 619 1205 683 proditionis:
1229 637 1313 668 nec
1331 620 1435 668 sane

142 710 308 758 magno
338 695 485 757 pretio
506 731 519 753 ‚
555 693 749 740 nummis
768 692 910 740 aureis
945 692 1283 756 quadringentis
1299 729 1312 752 ,
1332 695 1435 741 Da·-

142 768 208 815 fio
228 769 513 815 Brudunfino
546 768 757 831 praefe8m
778 765 969 830 praefidii
998 778 1217 829 corrupto
1241 803 1255 825 ,
1292 768 1434 815 tradi-

142 854 217 888 tur
251 841 494 888 Hannibali
526 839 806 887 Clastidium.
838 839 885 886 id
908 839 1121 885 horreum
1159 839 1245 886 fuit
1276 840 1431 888 Poenis

141 914 394 961 sedentibus
413 915 468 960 ad
487 912 715 961 Trebiam.
753 915 801 959 In
824 912 1031 975 captivos
1052 929 1109 958 ex
1136 911 1302 959 tradito
1323 930 1435 976 prae-

143 979 286 1044 fidio',
314 1000 363 1034 ut
385 987 500 1034 fama
538 986 788 1034 clementiae
816 984 861 1031 in
881 984 1108 1049 principio
1135 1002 1283 1033 rerum
1306 986 1438 1034 colli-

145 1073 325 1125 geretur
342 1097 354 1118 ‚
376 1061 488 1108 nihil
517 1060 721 1108 saevitum
750 1059 825 1107 est.
852 1071 899 1106 7⁴*

214 1136 384 1182 XLtX.
404 1137 519 1183 Cum
541 1136 594 1182 ad
606 1134 822 1181 Trebiam
845 1133 1047 1181 terrestre
1067 1133 1328 1182 constitisset
1344 1134 1438 1182 bel-

146 1209 268 1268 lum,
304 1210 483 1256 interim
518 1210 639 1257 circa
670 1209 864 1256 Siciliam
902 1208 1148 1272 insulasque
1188 1208 1322 1255 ltaliae
1354 1209 1440 1256 im-

147 1283 370 1329 minentes
389 1320 403 1341 ,
432 1285 481 1330 ὃς
505 1301 529 1329 3
549 1282 822 1346 Sempronio
842 1281 1026 1328 consule
1042 1317 1055 1338 ‚
1075 1283 1123 1330 ὅ(
1143 1294 1245 1328 ante
1268 1281 1441 1328 adven-

149 1368 244 1403 tum
281 1356 374 1420 ejus
394 1394 407 1414 ,
447 1369 563 1403 terra
593 1355 794 1419 marique
827 1371 895 1401 res
930 1354 1074 1418 gestae.
1115 1353 1277 1417 viginti
1306 1354 1442 1418 quin·-

148 1446 383 1492 queremes
398 1447 497 1477 cum
517 1428 641 1476 mille
660 1428 837 1475 armatis
859 1427 913 1473 ad
933 1426 1296 1490 depopulandam
1313 1442 1441 1474 oram

150 1503 287 1550 ltaliae
317 1520 338 1549 a
361 1501 799 1566 Carthaginiensibus
830 1499 990 1559 miffae,
1022 1515 1196 1548 novem
1226 1497 1406 1562 Liparas
1428 1534 1444 1557 ,

150 1576 257 1623 offro
293 1575 481 1622 insulam
519 1574 715 1622 Vulcani
755 1585 1030 1633 tenuerunt,
1068 1583 1157 1619 tres
1197 1571 1243 1617 in
1280 1570 1443 1618 fretum

151 1651 318 1698 avertit
351 1649 494 1696 aestus.
531 1649 598 1694 Ad
626 1664 696 1694 eas
719 1646 974 1709 conspectas
993 1662 1017 1691 a
1042 1644 1239 1704 Meffana
1265 1643 1443 1690 duode-

152 1723 240 1770 cim
262 1741 350 1770 nav
357 1740 400 1770 es
421 1723 476 1769 ab
500 1722 701 1768 Hierone
729 1736 832 1783 rege
864 1717 1251 1783 Syracusanorum
1278 1715 1413 1762 missae
1429 1752 1444 1774 ‚

152 1798 232 1863 qui
262 1810 357 1845 tum
388 1797 510 1847 forte
531 1797 741 1843 Meffanae
770 1805 888 1852 erat,
924 1792 1153 1863 consulem
1186 1792 1444 1837 Romanum

153 1872 426 1937 opperiens,
460 1871 586 1917 nullo
620 1879 892 1934 repugnante
928 1877 1077 1929 captas
1110 1880 1247 1911 naves
1285 1863 1444 1910 Meffa·

153 1964 259 1994 narn
282 1947 328 1993 in
349 1958 533 2010 portum
554 1945 851 1992 deduxerunt.
880 1942 1127 2005 Cognitum
1149 1956 1206 1986 ex
1228 1939 1448 2003 captivis,

155 2034 317 2086 praeter
349 2020 516 2082 viginti
552 2036 720 2076 naves,
758 2017 881 2078 cujus
910 2014 991 2078 ipfi
1023 2013 1162 2060 claffis
1197 2013 1360 2072 effent,
1396 2013 1445 2060 in

154 2095 321 2142 Italiam
351 2093 495 2140 missas
513 2129 527 2154 ‚
562 2092 764 2158 quinque
792 2092 843 2138 &
872 2088 1054 2152 triginta
1086 2087 1188 2134 alias
1219 2087 1448 2150 quinque-

158 2182 300 2216 remes
330 2165 528 2214 Siciliam
558 2178 708 2229 petere
737 2164 791 2211 ad
825 2161 1133 2210 sollicitandos
1168 2172 1340 2206 veteres
1374 2159 1450 2205 so-

158 2240 272 2287 cios.
319 2238 513 2304 Lilybaei
545 2235 804 2300 occupandi
839 2233 1112 2298 praecipuam
1145 2248 1309 2278 curam
1332 2231 1448 2277 effe:

159 2314 340 2361 credere
359 2312 514 2360 eadem
535 2309 823 2373 tempestate,
844 2325 933 2370 qua
958 2306 1038 2369 ipfi
1070 2303 1240 2366 disjeffi
1268 2303 1446 2361 forent,

160 2405 256 2435 eam
291 2403 474 2450 quoque
506 2384 683 2433 claffem
722 2383 778 2430 ad
812 2383 989 2446 AEgates
1024 2380 1187 2427 insulas
1223 2378 1451 2440 deje&an³.

161 2462 270 2506 Haec
290 2458 402 2505 ficut
434 2459 581 2505 audita
619 2467 775 2513 erant,
809 2471 886 2501 rex
919 2456 984 2500 M.
1007 2453 1192 2501 AEmilio
1229 2452 1447 2515 praetori,

161 2532 288 2596 cujus
315 2531 465 2580 Sicilia
492 2544 584 2579 erat
603 2529 845 2595 provincia
861 2564 874 2588 ,
896 2526 1154 2591 perscribit,
1176 2536 1421 2587 monetque
1437 2559 1450 2580 ,
