1701 3008
303 216 329 258 ἰ
339 207 401 256 80
447 207 530 255 JO.
546 201 770 252 FREINS.
789 198 1031 246 SUPP.1N
1058 197 1199 245 LOC.
1217 199 1268 245 L.
1285 197 1392 245 XV.
1407 198 1521 245 LIV.

306 317 348 356 in
384 313 602 364 magistratu
643 308 802 350 Caudex
840 305 1135 357 cognominatus
1169 304 1220 344 est
1239 335 1250 354 ,
1277 306 1313 345 Sc
1342 305 1399 344 M.
1427 303 1596 351 Fulvius·

308 379 469 422 Flaccus
486 373 659 415 consules
677 372 907 423 sequuntur:
932 383 1053 409 annus
1074 377 1202 420 coepto
1222 369 1389 420 primum
1410 367 1589 407 adversus

307 444 447 482 Poenos
477 439 517 477 in
535 435 667 478 Sicilia
687 433 790 474 bello
817 431 1089 472 memorabilis.
1124 432 1229 472 Tum
1254 432 1358 470 enim
1378 429 1475 469 inter
1496 430 1592 469 duas

309 501 589 556 potentiffimas
627 500 801 538 civitates
840 497 1051 537 inimicitiae
1086 497 1256 547 primum
1290 506 1473 545 erupere,
1507 505 1592 543 quae

309 564 455 606 multos
479 563 563 614 post
585 574 725 610 annos,
741 560 940 611 illatasque
958 562 993 600 ἃ
1006 567 1183 610 acceptas
1205 558 1416 598 horrendas
1437 556 1564 596 clades
1578 585 1591 605 ‚

310 640 393 667 non
411 625 478 664 nifi
502 622 657 664 alterius
681 622 833 662 excidio
854 622 954 661 finiri
972 629 1193 672 potuerunt.
1225 620 1300 660 Sed
1318 619 1420 670 prius
1438 619 1486 657 de
1504 617 1593 657 Gar-

308 689 468 739 thagine
491 686 667 737 quaedam
691 684 801 725 altius
821 686 1032 736 repetenda
1057 683 1164 731 sunt,
1192 696 1307 733 quam
1329 681 1378 720 ad
1404 679 1595 720 bellorum

319 752 480 792 istorum
502 750 777 801 expositionem
800 749 1042 788 accedamus.
1064 755 1176 786 erunt
1202 747 1304 785 enim
1328 745 1388 783 his
1418 745 1457 783 in
1480 744 1597 783 rebus

313 813 539 854 enarrandis
570 812 690 851 multa
725 810 923 850 intellec'tu
962 810 1211 859 judicatuque
1249 805 1465 846 difficiliora
1484 833 1498 853 ,
1528 804 1605 844 nist

243 895 245 897 ¹
314 878 485 930 primum
509 877 615 928 otigo
642 875 744 915 urbis
775 877 811 914 ἃ
840 874 1074 913 incrementa
1099 868 1391 922 cognoscantur.

358 1004 383 1047 §
410 1002 535 1035 XVIII.
559 1001 647 1036 Plut.
672 1002 706 1034 ’m
730 1000 902 1035 Coriolan.
921 1010 950 1031 c.
977 1010 1005 1031 1.
1025 997 1099 1029 Liv.
1126 996 1216 1040 Epit.
1243 1007 1294 1036 ῖς.
1317 994 1427 1028 Tacit.
1461 1004 1495 1026 11
1512 1019 1521 1035 ,
1545 1002 1602 1032 12,

318 1048 353 1083 6.
384 1049 491 1095 Agell.
516 1059 572 1091 17,
606 1059 658 1081 η,

724 1370 1209 1385 .-—---——-—-—--
