1701 3008
283 245 885 294 HISTORIARUM
922 244 1062 292 ΜΒ.
1111 243 1174 291 x.
1343 251 1396 307 5'5

99 353 358 419 perfertur,
378 356 537 411 Exire,
559 357 607 400 id
623 357 735 415 quod
751 357 987 411 timuerint,
1015 355 1078 399 ad
1091 353 1403 414 impediendum

107 431 186 475 iter
212 429 451 475 Romanos.
488 429 673 473 Nullam
707 429 804 472 inde
838 446 887 472 ηε
911 426 1028 488 j'i'sgae
1068 429 1231 486 quidem
1263 439 1405 485 patere

108 504 244 550 viam.
280 504 356 547 illo
388 506 478 547 loco
510 516 586 547 aut
611 501 842 546 cadendum
869 496 966 562 effi,
991 515 1092 556 aut,
1106 500 1255 565 stratis
1281 498 1407 564 lzostz'-

108 579 186 623 bus
200 612 216 632 ,
247 595 323 637 per
347 593 516 636 corpora
546 593 686 620 eorum
705 576 981 620 evadendum.
1062 586 1113 627 >4

174 649 395 696 XXXV1.
428 650 478 694 In
505 647 661 694 medio
693 646 885 694 sarcinas
918 644 1213 707 conjiciunt3
1246 644 1405 692 armati

98 719 197 768 ‘suis
229 719 417 784 quisque
449 721 688 769 ordinibus
725 721 950 767 instruunt
983 720 1140 767 aciem.
1182 722 1276 767 Jam
1309 719 1407 765 exi-

110 809 251 858 guum
281 793 400 840 inter
427 794 537 842 duas
565 795 684 842 acies
710 806 804 841 erat
826 793 1013 857 spatium
1030 830 1044 850 ‚
1065 795 1115 840 &
1134 793 1305 839 stabant
1327 809 1406 839 ex·

111 863 385 928 spectantes,
415 866 520 913 dum
554 867 609 913 ab
641 866 843 913 hostibus
872 865 1003 928 prius>
1028 865 1248 928 impetus,
1283 864 1411 926 prius

111 937 288 985 cla-mor
320 938 556 1001 inciperet.
604 939 776 986 neutris
812 940 985 986 animus
1021 938 1082 985 est
1117 939 1171 985 ad
1205 953 1410 1001 pugnan-

111 1012 234 1059 dum.
277 1011 553 1076 Diverfique
581 1011 748 1075 integri
774 1024 908 1075 atque
934 1010 1088 1058 intacti
1114 1010 1326 1067 abissent,
1361 1008 1411 1055 ni

111 1083 292 1131 cedenti
325 1083 590 1131 instaturum
625 1083 815 1130 alterum
842 1083 1100 1130 timuiffent.
1139 1081 1214 1129 sua
1247 1081 1412 1144 sponte

111 1156 232 1206 inter
264 1157 441 1206 invitos
474 1156 899 1222 tergiversantesque
936 1155 1077 1219 segnis
1112 1171 1285 1218 pugna³
1317 1153 1411 1200 cla-

111 1248 244 1279 more
275 1231 452 1281 incer-to
484 1246 620 1297 atque
653 1232 847 1294 impari,
877 1230 1049 1293 coepit:
1091 1245 1176 1276 nec
1216 1227 1411 1292 vestigio

112 1305 348 1370 quisquam
378 1307 667 1356 movebatur.
715 1306 836 1352 Tum
871 1301 1029 1352 consul
1064 1303 1331 1360 Romanus,
1359 1316 1414 1348 ut

113 1398 210 1428 rem
238 1381 485 1438 excitaret,
513 1381 714 1445 equitum
742 1394 905 1443 paucas
934 1389 1103 1424 turmas
1131 1386 1255 1422 extra
1285 1373 1410 1420 ordi-

114 1471 221 1501 nem
253 1453 435 1502 immifit
465 1473 476 1501 ε
526 1470 725 1517 quorum
771 1469 873 1500 cum
910 1449 1114 1514 plerique
1156 1447 1321 1510 delapfi
1352 1463 1412 1493 ex

116 1528 247 1591 equis
273 1527 434 1586 effent,
455 1529 505 1575 &
524 1527 600 1574 alii
625 1526 829 1583 turbati3
862 1527 911 1573 &
938 1525 993 1571 ab
1021 1520 1287 1570 Samnitium
1314 1519 1417 1567 acie

117 1599 175 1646 ad
205 1599 533 1662 opprimendos
567 1615 674 1658 eos,
703 1598 782 1663 qui
819 1597 1099 1654 ceciderant,
1131 1595 1182 1641 &
1220 1593 1274 1640 ad
1309 1592 1414 1638 suos

117 1672 317 1721 tuendos
354 1674 413 1721 ab
442 1672 661 1720 Romanis
691 1670 960 1736 procursum
996 1669 1071 1716 est.
1118 1667 1225 1716 Inde
1255 1664 1415 1729 paulu-

114 1745 212 1793 lum
246 1746 413 1811 irritata
445 1764 597 1811 pugna
633 1744 725 1803 est,
757 1744 831 1792 sed
862 1744 1095 1806 aliquanto
1130 1741 1180 1788 &
1221 1737 1415 1801 impigre

116 1820 287 1884 magis,
314 1823 365 1869 &
389 1821 538 1884 plures
566 1832 889 1884 procurrerant
907 1816 1155 1865 Samnites:
1183 1815 1233 1862 &
1257 1812 1415 1860 turba·-

117 1905 192 1940 tus
217 1909 353 1956 eques
382 1892 457 1940 sua
488 1893 578 1957 ipse
607 1892 796 1941 subsidia
823 1890 989 1940 territis
1017 1888 1143 1953 equis
1172 1885 1417 1951 proculca-

119 1965 207 2014 vit.
244 1966 352 2014 hinc
389 1966 494 2030 fuga
521 1979 675 2030 coepta
705 1980 850 2014 totam
882 1962 1047 2012 avertit
1073 1961 1215 2009 aciem
1248 1961 1418 2005 Roma⁰

121 2053 243 2083 nam.
271 2038 455 2101 Jamque
482 2038 529 2084 in
550 2051 673 2103 terga
697 2037 964 2103 fugientium
991 2034 1210 2082 Samnites
1240 2050 1417 2097 pugna-

117 2108 258 2168 bant,
283 2125 387 2156 cum
416 2109 602 2168 consul,
624 2127 746 2174 equo
774 2109 1027 2173 praevefitus
1057 2106 1113 2153 ad
1141 2119 1318 2167 portam
1344 2121 1418 2151 ca·-

119 2182 316 2230 strorum
333 2219 347 2242 ‚
369 2201 420 2231 ac
448 2182 639 2231 statione
668 2183 872 2248 equitum
894 2182 957 2228 ibi
981 2179 1222 2243 oppofitar,
1241 2177 1420 2224 editio-

122 2273 214 2321 que
230 2292 244 2315 ‚
271 2275 348 2313 uc,
374 2261 600 2319 quicunque
624 2262 685 2304 ad
711 2263 871 2306 vallum
900 2255 1204 2319 te.11deret‚stve
1233 2256 1302 2299 ille
1326 2253 1419 2297 Ro·-

123 2349 276 2377 manus
291 2365 306 2388 ‚
317 2332 411 2396 five
430 2336 605 2378 Samnis
624 2330 740 2396 effic,
753 2351 839 2394 pro
857 2333 962 2397 lzoste
986 2332 1205 2383 lzabcrent;
1233 2327 1329 2373 haec
1351 2325 1420 2387 ip·-

123 2406 167 2454 sa
209 2407 460 2468 minitans,
494 2409 669 2457 obstitit
705 2407 888 2472 profuse
926 2404 1211 2454 tendentibus
1251 2401 1335 2449 suis
1370 2401 1419 2446 in

122 2478 278 2528 castra.
313 2483 411 2543 Quo
432 2485 572 2545 pergis
588 2518 602 2541 ‚
622 2482 795 2546 inquit,
819 2484 936 2527 miles
953 2483 978 2527 .>
998 2478 1039 2527 δ’
1059 2481 1126 2524 lzic
1148 2495 1265 2523 arma
1287 2474 1328 2521 S*
1350 2479 1419 2519 vi·-

110 2573 191 2602 vros
221 2557 418 2604 invenies.
463 2576 562 2617 nec,
587 2562 684 2608 νίνο
714 2558 878 2619 confide
910 2573 1004 2614 tuo,
1031 2553 1117 2617 nisi
1138 2553 1266 2598 viflor
1289 2550 1420 2609 castr-2³

1078 2625 1195 2678 Dr.
