1701 3008
252 232 339 281 IN
388 224 1164 280 LOC.L1}3.XV1L1V.
1276 236 1367 284 203·

84 341 311 390 deditione,
334 340 527 392 ingratum
550 338 648 378 illud
677 339 712 378 ἃ
743 336 906 376 insolens
939 331 1205 373 libertinorum
1229 328 1373 381 vulgus

86 416 178 444 cum
199 404 369 442 cruciatu
395 403 645 441 interemtum
673 399 749 440 est:
780 399 870 438 urbs
898 398 1014 437 etiam
1041 395 1119 446 ipsa
1143 394 1289 434 diruta:
1317 404 1374 430 re-

82 465 182 517 liqui
203 464 492 506 Volfinienfium
507 494 519 513 ‚
539 465 572 503 ἃ
590 462 694 514 quod
714 461 906 501 servorum
926 459 1044 498 fidem
1066 466 1180 508 atque
1198 466 1375 494 reveren-

85 530 183 569 tiam
215 541 305 580 erga
331 529 511 568 dominos
537 540 617 565 non
641 532 825 572 exuerat,
852 524 893 563 in
920 521 1121 562 attributas
1147 517 1242 557 alibi
1269 516 1376 555 sedes

85 593 363 643 migraverunt.
389 590 465 629 hoc
492 601 644 640 quoque
671 586 818 626 bellurn
844 586 1006 637 dignum
1032 580 1229 632 triumpho
1251 579 1377 619 visum

87 652 143 691 est
171 665 180 692 ;
218 664 385 702 eumque
412 649 546 690 consul
574 662 606 688 a.
635 648 671 688 d.
702 646 895 689 Kalendas
922 644 1164 686 Novembres
1190 651 1378 691 tanquam

87 714 138 754 de
159 712 451 754 Volsiniensibus
474 712 566 762 egit.

143 775 230 816 XL.
260 774 401 816 Iisdem
428 770 650 812 consulibus
674 783 697 810 a
721 770 792 810 Cn.
820 767 1000 810 Cornelio
1016 799 1027 816 ,
1051 767 1092 807 C.
1115 767 1265 808 Marcio
1285 777 1383 803 cen-

92 835 240 876 foribus
273 834 432 874 lustrum
462 833 693 872 conditum:
723 830 834 870 censa
867 830 956 869 sunt
985 830 1129 869 civium
1160 829 1283 878 capita
1313 828 1383 866 du-

91 905 205 938 centa
230 897 439 948 nonaginta
460 896 538 935 duo
563 894 705 941 millia,
724 894 916 942 ducenta,
941 893 1077 943 viginti
1101 898 1289 941 quatuor:
1312 901 1385 926 nu-

90 974 220 1002 merus
249 959 337 1000 sane
366 971 530 1011 magnus
558 960 594 998 ἃ
623 957 909 1009 propemodum
940 954 1197 1003 incredibilis,
1219 960 1280 992 tot
1305 950 1387 990 bel-

91 1023 221 1063 lorum
250 1035 272 1062 a
295 1023 428 1074 primis
461 1022 581 1061 ferme
621 1019 732 1060 Urbis
773 1019 890 1057 initiis
923 1029 1120 1067 nunquam
1161 1014 1388 1054 cessantium

93 1085 279 1125 continua
312 1084 568 1132 detrimenta,
592 1089 661 1121 tot
685 1094 732 1120 ex
756 1079 967 1132 pestilentia
994 1077 1211 1129 morbisque
1240 1074 1388 1115 saeviffi„

97 1150 173 1189 mis
193 1162 273 1188 non
298 1148 465 1188 minores
489 1145 636 1186 bellicis
660 1145 822 1196 strages,
847 1143 1069 1194 congitanti.
1103 1141 1283 1182 Ceterum
1305 1137 1390 1176 aliis

97 1213 255 1264 aliisque
281 1213 444 1253 subinde
468 1211 623 1264 populis
645 1211 683 1250 in
707 1211 902 1250 civitatem
918 1202 1158 1260 'recipiendis
1174 1237 1185 1255 ,
1204 1203 1308 1256 quod
1334 1203 1390 1241 in-

96 1276 270 1317 stitutum
303 1290 326 1316 a
360 1274 517 1317 Romuli
550 1274 732 1325 sapientia
764 1274 977 1324 profectum
1006 1270 1144 1323 posteri
1176 1267 1391 1307 constanter

97 1345 331 1387 tenuerunt,
352 1337 494 1377 invidia
518 1335 708 1386 nullisque
733 1335 909 1375 cladibus
930 1330 1152 1385 superabilis
1174 1327 1310 1368 effecta
1337 1325 1390 1364 est

99 1399 361 1452 Respubliea;
392 1411 508 1450 quam
535 1403 607 1437 nec
633 1411 654 1436 a
676 1396 820 1449 Pyrrho
848 1398 936 1436 data
961 1395 1126 1439 damna,
1147 1402 1272 1440 neque
1296 1400 1391 1426 nau-

101 1462 223 1513 fragia
249 1459 466 1512 frequentia
488 1459 613 1511 primo
637 1459 781 1500 Punico
808 1458 911 1497 bello
926 1489 938 1507 ‚
959 1468 1083 1506 neque
1103 1451 1273 1492 secundo
1289 1450 1392 1490 Tra-

104 1525 268 1565 fimenus
299 1526 334 1564 δε
363 1524 503 1564 Cannae
526 1529 735 1573 potuerunt
762 1521 952 1572 affligere,
981 1520 1076 1569 quin
1103 1529 1152 1555 ex
1174 1515 1393 1553 incommo-

103 1589 163 1629 dis
188 1588 262 1629 suis
291 1588 505 1627 identidem
532 1586 693 1625 alacrior
717 1585 959 1635 ferociorque
983 1581 1204 1627 resurgeret.

175 1650 282 1692 XLI.
311 1651 360 1691 At
385 1650 424 1688 in
455 1649 599 1689 Graecia
625 1647 910 1688 Lacedaemonii
941 1644 1094 1685 militari
1121 1641 1235 1681 laude
1262 1641 1297 1679 δε
1326 1638 1396 1688 ipsi

108 1711 350 1765 percelebres
366 1742 376 1760 ,
402 1724 526 1762 neque
553 1711 717 1762 impares
743 1710 928 1750 Romanae
951 1706 1109 1754 virtuti,
1132 1704 1314 1755 quoniam
1340 1712 1397 1739 ar-

106 1775 248 1815 cebant
269 1774 490 1825 peregrinos
506 1804 517 1823 ‚
545 1785 616 1812 nec
639 1773 844 1823 imperium
859 1802 869 1820 ‚
892 1769 996 1821 quod
1025 1772 1276 1819 pepererant,
1301 1762 1365 1801 diu
1382 1791 1397 1810 a

109 1849 236 1888 neque
259 1835 476 1875 libertatem
507 1835 611 1875 suam
638 1835 786 1886 semper
807 1824 909 1873 'tueri
939 1836 1161 1883 potuerunt.
1202 1826 1277 1867 Sed
1305 1836 1398 1863 cum

107 1899 306 1942 Leuarica
336 1910 463 1949 pugna
491 1897 596 1937 mille
620 1910 698 1935 non
726 1895 891 1947 amplius
923 1893 1117 1945 Spartiatae
1144 1886 1367 1928 cecidissent
1385 1917 1397 1935 ‚

109 1961 286 2015 protinus
322 1962 494 2011 potentia
527 1959 690 1998 civitatis
725 1958 866 1997 corruit
896 1970 904 1996 z
935 1957 1074 1994 iterum
1099 1953 1149 1992 ad
1180 1949 1401 1997 Sellasiam,

111 2025 494 2069 Lacedaemoniorum
536 2024 598 2063 sex
636 2023 758 2062 ferme
797 2019 1013 2061 desideratis
1049 2016 1243 2062 millibus,
1272 2013 1400 2052 statim

114 2087 248 2129 amissa
263 2087 416 2127 libertas
436 2086 499 2125 est.
523 2085 650 2125 Acba’i
668 2098 772 2132 vero,
789 2082 959 2133 ejusdem
978 2077 1226 2130 Peloponnesi
1248 2074 1401 2122 incolce,

115 2151 263 2191 vicinos
293 2161 426 2188 ornnes
458 2160 568 2198 aequo
593 2145 913 2196 jure-complexi,
937 2141 1238 2195 pulcherrimam
1265 2136 1403 2177 consti-

115 2220 273 2252 tuerunt
293 2209 572 2261 rempublicam
591 2241 601 2256 ‚
622 2211 657 2249 &a
682 2208 897 2248 mansuram
911 2239 923 2257 ‚
944 2206 1009 2246 nisi
1035 2206 1249 2246 Romanam
1268 2209 1404 2253 poten-

115 2278 235 2325 tiam,
250 2284 332 2314 tum
357 2276 474 2314 etiam
495 2273 610 2322 longe
631 2273 785 2323 lateque
804 2273 1055 2323 imperantem
1072 2301 1082 2318 ,
1103 2267 1244 2308 insania
1265 2279 1407 2318 pauco-

113 2351 202 2381 xum
228 2338 267 2376 in
291 2337 500 2388 perniciem
531 2336 636 2375 suam
665 2336 870 2386 patriasque
898 2331 1147 2385 provocasset.
1187 2331 1299 2380 Atqui
1323 2336 1403 2367 tam

121 2397 288 2436 diversus
312 2405 470 2436 eventus
500 2396 668 2436 instituta
698 2406 776 2435 tam
805 2394 996 2435 dillimilia
1023 2391 1230 2433 necessario
1254 2390 1406 2430 secutus

166 2522 187 2565 §
214 2518 373 2555 XXXIX.
397 2519 476 2553 Liv.
494 2520 584 2564 Epir.
609 2520 658 2552 16.
685 2521 808 2553 Zonar.
835 2522 856 2549 R
881 2520 953 2554 XL.
975 2520 1125 2563 Capitol.
1150 2517 1307 2551 Column.
1329 2510 1407 2544 Sul-

119 2574 178 2608 das
198 2575 234 2608 in
252 2564 434 2618 Ῥωμαίων
458 2566 589 2604 oram.
610 2573 720 2606 Tacit.
747 2584 781 2606 rr
802 2598 809 2612 ,
834 2581 890 2612 24.
