1701 3008
297 128 1504 191 33010.FRE1‘NSHEM11SUPPLEM.
1566 162 1574 170 -

349 235 464 275 XLV.
496 234 622 279 Multa
651 235 749 277 inter-
779 233 875 274 haec.
893 235 995 287 ligna
1025 236 1200 278 militaria
1234 238 1367 289 fuere,
1399 239 1571 291 plurimi·-·

299 311 372 348 que
397 305 548 349 torques
571 296 673 335 aurei
697 295 949 347 armsslaeque,
973 299 1141 338 virorum
1165 299 1323 339 fortium
1354 301 1457 352 apud
1483 301 1576 342 Gal-r

299 358 354 398 los
383 367 614 401 ornamenta.
641 359 716 399 Sed
743 360 907 399 maxime
933 361 1179 405 adverterunt
1203 362 1337 405 oculos
1365 363 1572 409 hominum«¹

299 422 551 470 Britomartis,
577 421 714 472 aliique
740 423 930 474 principes
953 423 1173 471 Gallorum,
1202 438 1300 475 quos
1322 426 1365 467 L.
1389 427 1574 466 AEmilius·

295 494 362 533 per
392 481 599 522 ludibrium
642 483 833 522 accinctos
872 484 911 522 in
949 480 1182 536 Capitolium
1219 486 1330 525 duxit
1345 516 1360 539 ³.
1385 495 1570 536 tanquam

298 545 377 585 voti
415 543 470 585 sui
509 544 734 594 religionem
765 544 1002 595 servaturos,
1028 548 1131 597 quod
1161 562 1228 585 non
1263 548 1363 599 prius
1389 548 1569 601 soluturos

289 607 327 657 se
363 605 502 653 baltea,
532 620 633 657 quarn
671 607 881 658 Capitolium
908 607 1155 660 ascendzffbnt,
1184 609 1409 657 juraverant.
1458 611 1500 648 A.
1530 608 1568 648 d.

296 667 351 710 ΙΙΙ
391 668 520 708 Nonas
563 667 722 706 Martias
763 668 803 707 L.
834 668 1007 708 AEmilius
1042 668 1174 708 consul
1208 670 1254 710 de
1284 669 1398 709 Gallis
1430 671 1570 708 trium-

294 727 437 778 phavit.
462 728 606 768 Eodem
623 741 722 768 anno
745 727 900 768 lustrum
926 728 1087 769 alterum
1107 739 1221 781 atque
1242 731 1571 781 quadragefimum

297 791 497 830 conditum
516 789 587 829 effe
611 792 757 841 reperio
774 822 786 837 ,
810 805 831 831 a
858 792 1075 832 censoribus
1103 794 1152 843 Q.
1178 792 1339 832 Claudio
1364 795 1430 843 Ap.
1459 793 1508 833 F.
1527 793 1570 835 C.

296 854 346 894 N.
373 853 599 900 Centhone,
624 854 679 893 M.
703 853 817 902 Junio
844 855 889 894 D.
912 854 951 894 F.
976 856 1020 894 D.
1045 856 1092 895 N.
1124 857 1225 896 Pera.
1259 856 1458 906 Depositus
1489 859 1570 906 jam

300 913 391 953 belli
423 913 557 953 Gallici
583 922 727 962 metus,
751 916 923 953 nondum
947 916 1123 957 vindidtae
1144 917 1334 966 cupiditas
1355 926 1432 956 erat
1454 932 1462 957 :
1491 930 1571 956 am-

300 972 495 1023 bobusque
525 973 691 1023 proximi
716 975 807 1013 anni
838 975 1057 1015 consulibus
1089 989 1132 1015 ea
1165 978 1360 1027 provincia
1390 977 1489 1016 data.
1524 978 1573 1018 T.

296 1034 464 1075 Manlius
492 1034 604 1075 T.·F.
626 1035 671 1075 T.
698 1036 745 1075 N.
773 1036 1021 1087 Torquatus,
1048 1040 1098 1089 Q.
1128 1038 1279 1078 Fulvius
1305 1040 1361 1080 M.
1387 1039 1426 1080 F.
1452 1041 1500 1090 Q.
1522 1041 1572 1080 N.

301 1095 460 1139 Flaccus
488 1104 618 1144 erant,
642 1104 800 1148 uterque
827 1099 974 1139 iterum.
1020 1100 1089 1140 His
1113 1096 1325 1147 exercitus}
1355 1102 1389 1140 ἃ
1417 1114 1497 1150 quae
1522 1101 1575 1141 ad.

297 1157 443 1197 bellum
466 1158 727 1205 instruendum
743 1160 1028 1210 gerendumque
1044 1161 1302 1211 pertinebant,
1321 1160 1492 1199 alacriter
1508 1162 1573 1200 de-

299 1231 411 1260 creta.
449 1222 540 1271 Spes
570 1222 673 1260 enirn
698 1229 802 1269 erat,
826 1222 908 1271 post
936 1230 1080 1261 tantam
1107 1222 1332 1271 vietorimn,
1359 1231 1440 1262 toto
1469 1224 1570 1262 circa

299 1283 447 1323 Padum
480 1296 569 1333 agro
595 1282 735 1333 depelli
762 1283 890 1323 Gallos
915 1284 1019 1335 pofl'e
1035 1316 1045 1334 ‚
1069 1285 1091 1323 fi
1113 1285 1217 1323 nervi
1243 1285 1541 1324 intenderentur.
1605 1286 1607 1288 “

352 1345 488 1385 XLVI.
525 1344 710 1384 Consules
741 1358 828 1385 cum
862 1348 981 1397 copiis
1005 1347 1164 1397 profecti
1191 1348 1314 1397 primo
1340 1348 1463 1386 statim
1493 1356 1573 1386 ter-

297 1420 382 1449 rore
409 1408 524 1456 Bojos
551 1408 598 1447 ad
626 1408 864 1449 deditionem
891 1407 1138 1459 compulere:
1173 1408 1321 1461 segnior
1345 1409 1483 1447 deinde
1507 1421 1574 1448 ex·-

299 1470 446 1520 peditio
472 1470 569 1517 fuit,
591 1470 640 1510 ob
666 1469 918 1522 pestilentiam
940 1472 975 1510 δε
998 1471 1200 1510 continuos
1228 1470 1378 1510 imbres.
1400 1470 1470 1510 Alii
1493 1478 1574 1509 tra-

300 1531 419 1579 dunt,
439 1532 673 1583 hosconsules
693 1532 796 1570 Pado
820 1534 963 1584 transito
978 1533 1119 1570 collatis
1132 1533 1244 1584 signis
1259 1531 1373 1583 viciffi
1392 1532 1573 1584 Infithres‚

300 1593 471 1633 hominum
488 1591 642 1644 occiclzffe
653 1592 721 1630 tria
734 1591 767 1630 Θ
782 1594 908 1646 viginti
920 1593 1046 1640 millia,
1063 1593 1179 1647 ceprffb
1191 1594 1360 1646 quinque:
1383 1593 1445 1632 sed
1461 1593 1575 1633 nobis

298 1655 446 1705 Polybii
466 1655 591 1705 potior
611 1655 662 1693 est
683 1655 721 1694 in
742 1655 799 1695 his
817 1656 927 1696 rebus
953 1658 1166 1697 auctoritas.
1205 1656 1351 1696 Interea
1368 1657 1455 1707 quia
1473 1668 1574 1696 con-

297 1717 396 1756 sules
412 1731 432 1756 e
450 1716 668 1768 longinquis
693 1718 932 1769 regionibus,
948 1719 1021 1758 five
1036 1718 1146 1758 rebus
1169 1719 1342 1769 gerendis
1354 1749 1364 1767 ‚
1386 1719 1458 1758 five
1476 1727 1576 1758 tem-

301 1779 508 1830 pestatibus
541 1780 718 1829 impediti
745 1781 793 1820 ad
825 1781 981 1820 comitia
1007 1793 1203 1820 occurrere
1231 1795 1310 1820 non
1340 1788 1573 1832 potuerant,

300 1843 381 1889 ejus
409 1843 464 1881 rei
495 1845 615 1894 gratia
643 1846 803 1884 dictator
833 1853 978 1884 creatus
1001 1845 1051 1884 est
1076 1846 1115 1885 L.
1143 1846 1316 1885 Caecilius
1340 1846 1381 1886 L.
1406 1846 1445 1886 F.
1463 1846 1505 1885 C.
1521 1845 1575 1886 N.

299 1902 481 1943 Metellus
496 1936 508 1954 ‚
531 1905 634 1956 isque
656 1908 702 1947 N.
731 1906 892 1946 Fabium
919 1908 972 1948 M.
992 1907 1031 1947 F.
1052 1907 1107 1946 M.
1133 1908 1180 1947 Ν.
1209 1908 1420 1947 Buteonem
1447 1907 1574 1957 magi·

299 1967 412 2006 strum
446 1969 616 2019 equitum
644 1972 753 2010 dixit.
797 1971 970 2011 Comitiis
999 1970 1135 2010 habitis
1163 1970 1335 2009 consules
1364 1970 1453 2010 faeti
1486 1969 1574 2012 sunt

300 2028 340 2067 C.
369 2028 575 2070 Flaminius
607 2032 647 2072 C.
680 2033 719 2072 F.
745 2032 785 2072 L.
813 2032 862 2073 N.
889 2033 925 2073 P.
951 2032 1082 2072 Furius
1108 2034 1172 2081 Sp.
1194 2032 1236 2072 F.
1262 2033 1319 2072 M.
1345 2033 1393 2072 N.
1424 2030 1567 2071 Philus.

299 2091 351 2131 Hi
367 2122 378 2139 ,
396 2093 508 2141 primi
530 2094 786 2134 Romanorum
801 2125 811 2142 ,
829 2102 870 2133 ut
894 2095 1086 2143 existimo,
1103 2094 1244 2134 Padum
1266 2093 1465 2132 transivere
1482 2104 1573 2131 cum

302 2154 501 2200 exercitu,
528 2170 601 2204 qua
629 2158 767 2196 fluvius
795 2157 936 2197 Padusa
962 2158 1065 2197 Pado
1091 2157 1368 2201 committitur,
1391 2155 1428 2192 in
1453 2155 1575 2203 regio*

298 2226 388 2252 nem
414 2214 613 2256 Insubrum
635 2219 840 2268 irruptione
867 2219 979 2258 faeta.
1016 2218 1142 2258 Multo
1164 2216 1294 2255 laboro
1314 2228 1436 2265 neque
1463 2215 1577 2254 nullo.

297 2275 478 2327 sanguine
503 2277 583 2317 liaec
611 2281 768 2320 audacia
795 2281 984 2325 constitit:
1018 2293 1107 2320 nam
1132 2282 1168 2319 ὁὶ
1192 2280 1231 2318 in
1256 2278 1408 2317 tranfitu
1434 2278 1576 2317 Humi«

346 2402 367 2442 ᾗς
403 2402 505 2435 XLV.
537 2403 624 2436 Flos.
647 2415 689 2445 2,
710 2415 750 2447 4,
775 2415 794 2439 2
818 2404 850 2438 δε
875 2414 907 2451 3.
933 2405 1054 2440 Zonar.
1076 2404 1157 2440 Fast.
1182 2377 1359 2450 Triumphi
1397 2403 1480 2438 Fasti
1513 2403 1579 2438 Ca«

299 2447 399 2490 pitol.
420 2446 539 2494 Polyb.
564 2459 605 2488 2,
625 2458 680 2491 32.
