1701 3008
0 2612 14 2628 N

701 71 723 90 'x

213 208 294 260 1N
338 207 838 259 Loc.L113,Xx
889 208 1035 260 mv.
1159 226 1308 281 ‘³39

17 320 127 360 ,ritate
153 322 221 374 sua
252 321 361 359 Teuta
386 320 483 358 vicit.
524 321 648 372 Neque
677 319 872 373 ignoratis,
898 331 937 357 ut
966 321 1008 358 de
1035 319 1123 358 aliis
1150 333 1307 373 taceam,

23 399 95 422 non
116 385 167 423 ita
186 383 377 437 proclivem
402 382 478 420 illis
496 381 657 434 futuram
674 381 782 434 ficiffi’
807 383 986 421 viuoriam
1001 412 1012 430 ‚
1024 383 1063 434 fi
1085 398 1135 421 me
1159 384 1315 438 defi-nsi),

25 460 90 491 scm
99 448 237 501 potius,
254 460 356 499 quam
380 445 571 492 inimicum,
593 446 716 483 habere
736 448 849 484 Teuta
864 445 1045 497 malufft.
1065 447 1190 485 Verum
1209 448 1316 487 enim.

25 524 106 546 vcro
120 538 130 556 ‚
152 507 186 544 G·
205 509 289 561 quia
303 507 406 545 vohis
421 506 584 559 praeclare
609 507 748 558 confido
761 537 771 555 ‚
799 508 834 552 ἃ
855 508 939 560 quia
955 507 1056 560 fiu‘la
1072 510 1196 561 potius
1212 524 1316 562 quam

24 571 127 609 verba
152 583 285 622 tempus
305 570 479 623 postulat,
502 570 681 622 abrumpo.
724 569 881 607 Habetis
906 571 1068 618 animos,
1089 573 1228 611 hahetis
1249 589 1315 612 ar·-

27 647 85 670 ma
100 663 110 680 ,
128 633 260 670 videtis
284 631 506 682 necestitatem
519 661 531 679 ,
553 645 625 683 quae
643 631 888 682 tittzidffmum
903 648 1065 685 quemque
1082 634 1194 686 poffit
1216 651 1320 675 acue-

28 707 86 744 re,
111 696 213 733 vobis
234 696 366 747 pariter
391 694 533 746 urbique
553 694 733 746 discrimen
757 706 942 731 extremum
969 695 1144 746 inminet,
1164 697 1232 748 nisi
1250 699 1322 736 vir·

27 769 100 796 tute
117 758 225 810 vestm
246 752 483 807 difiufflritis.
517 754 657 791 Eamus
684 752 815 807 igitur,
832 753 867 791 ἃ
883 754 1032 806 fimum
1062 759 1144 796 bene
1168 758 1320 812 juvante

29 822 113 875 istos
134 837 151 860 e
181 819 341 858 latibulis
366 817 448 870 suis
472 816 586 869 paulo
612 829 694 855 ante
720 817 913 870 progreſjbs
934 831 1121 871 petamus,
1139 822 1255 875 securi
1279 823 1321 859 de

28 883 108 930 his,
132 879 191 933 qui
218 878 464 932 exshcnfioncm
480 875 634 929 faciunt.
672 893 751 916 nam
772 879 856 917 illos
868 881 907 931 fi
927 880 1171 932 ceciderimus,
1188 884 1226 921 ln·
1247 898 1327 930 tna-q

26 943 100 999 jori
124 953 200 981 cum
222 940 340 994 studio
369 953 482 977 naves
511 952 682 992 repetent,
706 955 809 992 quam
838 941 1056 995 reliquerunt.

87 1005 212 1046 LXII.
241 1004 298 1044 Ita
325 1002 412 1042 suos
438 1016 508 1054 pro
533 1012 710 1055 tempore
736 1003 961 1046 cohortatus
977 1040 989 1058 ,
1010 1007 1199 1051 instructis
1223 1012 1329 1053 otdi⁴

32 1069 148 1111 nibus
168 1069 218 1109 ad
244 1081 310 1107 eos
335 1067 597 1118 invadendos,
621 1067 685 1118 qui
708 1068 848 1108 collem
875 1071 1082 1122 tenebant,
1108 1074 1227 1114 ducit.
1260 1074 1327 1126 qui

36 1136 73 1176 δε
102 1133 169 1185 ipfi
195 1146 278 1172 non
303 1130 453 1182 segnius
483 1130 669 1182 congreffi
706 1129 963 1174 sustinuerunt:
993 1133 1167 1185 hostem,
1199 1135 1342 1178 donec·

34 1197 283 1239 advenientes
301 1227 313 1245 ‚
335 1194 399 1245 qui
419 1193 705 1234 exscensionem
732 1194 876 1235 interea
904 1195 1075 1237 fecerant
1088 1229 1100 1248 ‚
1118 1200 1154 1238 ὃς
1179 1212 1200 1239 a
1216 1207 1327 1253 tergo

37 1275 127 1301 eum
150 1260 301 1306 adorti,
330 1270 472 1308 magno
501 1269 591 1296 cum
616 1265 759 1297 terrore
786 1259 1097 1312 detrimentoque
1128 1261 1327 1313 disjecere.

34 1324 182 1365 Paucos
217 1321 257 1360 in
289 1319 478 1372 oppidum
505 1319 637 1359 retulit
659 1320 778 1372 fuga:
805 1322 922 1360 ceteri
948 1322 1084 1374 pallim
1113 1338 1181 1375 per
1201 1325 1329 1366 invios

38 1388 153 1428 calles
175 1385 318 1437 dilapfi.
358 1383 605 1432 Demetrius,
629 1385 694 1435 qui
724 1384 811 1424 solis
842 1386 1070 1436 quibusdam
1095 1388 1194 1430 locis
1222 1404 1330 1442 para-

38 1458 99 1491 tos
137 1448 286 1490 lembos
319 1449 359 1486 in
385 1459 544 1486 omnem
577 1446 704 1486 casum
734 1445 930 1498 habebat,
956 1463 1036 1490 uuo
1068 1465 1202 1492 eorum
1232 1465 1332 1493 con-

36 1512 171 1555 scenso
207 1511 256 1551 ad
291 1509 518 1561 Philippum
548 1509 795 1550 Macedonia:
832 1523 961 1562 regem
989 1514 1191 1566 profugit,
1220 1517 1332 1565 cujus

39 1579 81 1617 in
107 1573 321 1616 amicitiam
353 1581 531 1623 receptus
548 1602 558 1620 ,
582 1585 709 1611 mores
737 1571 991 1614 adolescentis
1017 1582 1128 1614 antea
1154 1575 1332 1617 laudatos

38 1638 264 1679 adulatione
290 1639 325 1676 St
349 1635 561 1687 tyrannicis
593 1635 758 1674 conliliis
783 1638 981 1687 corrupit,
1002 1636 1170 1689 bellique
1191 1640 1333 1679 Roma-

40 1700 79 1739 ni
108 1702 143 1739 δε
171 1697 379 1736 multarum
405 1704 587 1746 praeterea
614 1694 903 1743 calamitatum,
930 1695 1056 1735 suasor
1080 1699 1115 1736 ἃ
1133 1701 1265 1738 auctor
1293 1701 1330 1740 ei

39 1761 198 1802 exstitit.
234 1759 317 1800 Post
339 1758 440 1798 hanc
465 1771 635 1809 pugnam
658 1757 799 1798 Pharus
828 1772 873 1797 ex
898 1759 1036 1798 itinere
1059 1770 1194 1811 capta,
1215 1762 1331 1811 jussu.

42 1838 117 1878 que
146 1822 385 1874 imperatoris
407 1823 558 1872 direpta
576 1823 609 1861 ἃ
630 1821 753 1860 diruta
780 1821 842 1860 est.
880 1820 1027 1872 lllyrici
1053 1822 1193 1863 deinde
1220 1825 1334 1867 rebus

44 1902 94 1928 ex
124 1885 309 1926 sententia
340 1885 550 1931 ordinatis,
579 1883 628 1922 ad
661 1882 905 1934 triumphum
933 1884 1166 1935 petendum,
1196 1885 1333 1929 affecta

42 1953 121 2000 jam
143 1949 291 1996 aestate,
317 1945 450 1986 consul
478 1946 644 1986 Romam
669 1946 792 1984 rediit.

106 2009 244 2051 LXIII.
279 2008 322 2048 In
354 2007 468 2057 hujus
499 2019 652 2059 quoque
678 2005 769 2045 belli
799 2005 1017 2046 narratione
1042 2007 1244 2060 Polybium
1270 2010 1334 2051 se-

45 2073 111 2124 qui
127 2070 267 2117 malui,
292 2082 368 2109 non
390 2069 564 2120 ignarus,
589 2069 692 2119 apud
716 2068 810 2107 alios
836 2071 1009 2109 aut-”tores
1031 2071 1221 2111 ambobus
1244 2086 1336 2114 con*

44 2133 188 2177 sulibus
217 2134 299 2182 ejus
327 2131 487 2183 persec'ti
513 2129 677 2181 gloriam
705 2129 964 2170 communiter
987 2131 1130 2181 tribui,
1155 2135 1218 2184 qui
1247 2149 1336 2176 evod

45 2204 174 2235 catum
203 2195 250 2234 ad
280 2193 317 2233 se
345 2192 608 2241 Demetrium,
637 2192 726 2242 quia
752 2203 831 2230 non
860 2192 1040 2243 parebat,
1070 2195 1227 2245 aggrelli
1258 2199 1338 2248 pri..

46 2274 154 2301 mum
181 2260 221 2299 in
248 2259 318 2300 lss'a
345 2257 491 2308 insula,
519 2257 658 2309 quibus
687 2257 766 2297 dixi
799 2257 943 2296 artibus
975 2259 1162 2309 vicerint;
1195 2261 1335 2304 deinde

47 2323 170 2366 Pharo
204 2311 423 2372 proditione
457 2330 597 2371 capta,
628 2320 866 2359 Demetrium
891 2319 1115 2370 expulerint.
1153 2322 1201 2362 de
1226 2327 1337 2374 cujus

48 2387 125 2426 fine
150 2397 301 2435 quoque
331 2383 563 2424 diffentanea
597 2383 756 2434 Polybio
788 2385 967 2431 tradunt,
994 2385 1068 2424 istis
1099 2389 1133 2426 ἃ
1161 2389 1268 2426 annis
1299 2392 1333 2428 ὁὶ

49 2447 147 2487 locis
175 2445 383 2496 proximo:
409 2457 491 2495 quae
522 2444 626 2485 aliud
650 2447 692 2484 in
722 2453 872 2497 tempus
902 2447 1043 2496 egrefl'a
1072 2451 1332 2500 praetermitto.

99 2555 123 2599 §
148 2552 250 2586 LXII.
275 2551 395 2598 Polyb.
417 2563 458 2598 3,
484 2563 536 2598 19.
560 2553 708 2599 Appian.
732 2554 827 2599 lllyr.
853 2554 926 2590 Liv.
947 2555 1037 2599 Epit.
1060 2566 1113 2589 20.

976 2612 1017 2656 Y
1050 2628 1074 2657 2
