1701 3008
311 214 396 261 IN
443 175 938 261 LOC.L113.X1
989 211 1140 260 LIV.
1320 212 1380 277 ὃς

99 321 477 372 accommodatzffimum
492 322 554 373 ff
569 320 794 367 monuissem
815 328 973 370 accepta
987 320 1145 370 quidem
1159 332 1217 359 res
1238 318 1291 360 est
1302 351 1312 366 ‚
1327 319 1395 360 sed

98 387 293 437 praeterito
319 386 474 424 auctore
488 385 659 424 vic'toriae
686 382 909 433 confiliique
934 381 983 421 ab
1010 381 1092 421 aliis
1115 382 1282 422 deducta
1305 381 1393 421 sunt

101 447 329 487 colonorum
357 445 476 485 millia
501 445 638 496 viginti
654 475 665 493 ‚
681 444 730 484 s1C
751 445 856 483 enim
880 443 983 493 apud
1010 442 1211 493 scriptores
1231 444 1394 482 minime

100 509 408 549 contemnendos
429 507 604 558 reperi03
637 507 770 557 ingens
793 518 992 552 numerus,
1012 508 1045 546 ἃ
1062 519 1183 556 prope
1199 506 1393 546 excedens

99 572 245 620 fidem,
267 571 336 611 nifi
357 570 462 622 quod
479 569 600 608 videri
617 569 739 618 potest
755 570 855 607 inter
874 578 1007 619 gentes
1034 569 1267 616 indomitas,
1288 580 1393 608 com-

100 638 211 677 muni
241 634 417 676 adversus
447 632 592 684 Apulos
619 631 868 683 Lucanosque
895 631 1094 682 praesrdio,
1123 631 1306 671 collocari
1330 644 1393 670 va.

98 700 220 740 lidam
256 710 414 738 manum
452 695 648 748 placuisse.
693 695 876 735 Ceterum
904 696 1174 745 importunitas
1204 694 1243 735 L.
1269 694 1392 734 Postu-

98 763 192 811 mii,
223 759 556 812 quemadmodum
585 758 653 809 ipfi
680 757 790 808 supra
816 766 964 796 veteres
991 755 1175 804 offensas,
1194 756 1393 806 ingentem

99 824 282 866 conflavit
303 821 512 870 invidiam
538 822 591 860 ita
613 821 664 870 Q.
693 818 813 860 Fabio
842 819 891 858 ad
917 818 1088 858 favorem
1115 819 1291 858 omnium
1318 817 1393 858 val.

102 889 151 928 de
175 885 348 939 profuit:
379 885 514 935 eique,
543 883 744 934 postquam
773 881 823 921 ad
854 880 999 922 Urbem
1023 881 1130 920 venit
1150 911 1161 929 ‚
1188 881 1312 930 deque
1339 893 1393 920 re-

101 950 172 989 bus
203 962 224 988 a
253 947 290 987 se
317 946 427 999 gestis
456 944 655 993 disseruit,
685 942 904 994 triumphus
939 942 1043 983 haud
1080 955 1178 994 aegre
1217 942 1393 981 decretus

99 1014 164 1053 est.
184 1009 457 1061 Triumphavit
479 1006 708 1059 proconsule
729 1007 778 1046 de
798 1000 1036 1046 Samnitibus
1050 1035 1061 1054 ‚
1079 1005 1143 1056 qui
1161 1007 1287 1045 Pentri
1304 1017 1393 1056 cog.

97 1075 370 1121 nominantur,
390 1071 572 1112 Kalendis
598 1069 824 1112 Sextilibus.
856 1069 1019 1109 Currum
1042 1081 1142 1120 equo
1167 1067 1316 1108 secutus
1341 1068 1392 1107 est

97 1138 213 1178 senex
238 1136 403 1178 Fabius:
432 1148 548 1186 quem
572 1147 651 1174 non
678 1134 895 1183 adetorem
920 1134 1041 1184 magis
1061 1132 1254 1179 viftoriae,
1276 1144 1392 1181 quam

99 1202 318 1247 auctorem,
345 1197 601 1248 speetantium
626 1193 982 1244 deducentiumque
997 1205 1113 1233 voces
1130 1191 1391 1233 celebrabant.

153 1261 278 1301 XVII.
296 1259 381 1311 Ipse
405 1259 596 1300 summam
621 1258 675 1297 rei
700 1257 798 1297 bene
818 1257 926 1309 gestat
953 1256 1112 1308 gloriam
1129 1257 1177 1296 ad
1194 1255 1392 1295 consulem

99 1322 233 1376 populi
263 1323 429 1364 Romani
471 1320 653 1369 trahens,
687 1320 796 1360 ficuti
835 1319 994 1359 nomine
1024 1318 1166 1370 legati,
1194 1319 1242 1358 sic
1275 1318 1392 1357 etiam

101 1387 285 1427 modestia
311 1386 490 1426 utebatur
514 1399 525 1434 ;
560 1383 665 1424 haud
705 1383 847 1423 minori
875 1395 966 1423 cum
997 1381 1196 1432 voluptate
1225 1381 1392 1421 honores

104 1447 171 1487 filii
197 1447 380 1496 intuitus,
406 1459 522 1497 quarn
548 1458 637 1485 eum
661 1444 789 1484 adhue
809 1442 1013 1495 parvulum
1034 1445 1075 1482 in
1095 1456 1206 1482 curru
1231 1442 1299 1482 suo
1325 1442 1394 1480 cir-

101 1508 355 1558 cumtulerat,
373 1521 462 1548 cum
484 1506 565 1558 ipse
590 1504 858 1557 triumpharet.
889 1506 1068 1546 Ceterum
1092 1505 1226 1556 praedae
1247 1512 1394 1555 partem

101 1570 290 1612 militibus
313 1569 448 1610 consul
470 1569 603 1609 dedit:
635 1567 780 1619 reliqua
805 1569 846 1606 in
869 1566 1042 1607 aerarium
1067 1565 1209 1605 relata:
1233 1565 1274 1605 C.
1298 1565 1394 1605 Pon-

101 1634 178 1671 tius
201 1632 352 1673 Samnis
379 1630 418 1669 in
441 1627 640 1679 triumpho
663 1628 823 1676 duetus,
852 1640 946 1668 mox
970 1625 1090 1666 securi
1112 1625 1305 1677 percussus
1326 1624 1391 1666 cst.

101 1694 166 1733 Vir
183 1706 269 1734 acer
291 1695 326 1733 &
349 1689 631 1739 memorabilis,
653 1689 718 1740 qui
741 1690 818 1729 vim
840 1690 1058 1730 Romanam
1081 1688 1127 1728 iis
1151 1686 1391 1738 temporibus

102 1756 169 1796 diu
199 1755 397 1803 sustinuit,
424 1752 627 1802 cladesque
662 1764 742 1790 non
772 1750 1101 1798 contemnendas,
1133 1748 1198 1788 sed
1231 1747 1394 1798 ignomi-

103 1820 207 1859 niam
230 1817 353 1858 multo
376 1817 587 1856 maximam
612 1814 662 1854 ad
683 1813 878 1853 Caudinas
900 1811 1069 1852 furculas
1092 1809 1234 1850 intulit.
1265 1810 1394 1859 Quem

101 1883 210 1931 ajunt
236 1882 364 1920 dicere
390 1879 545 1919 solitum
561 1908 573 1927 ‚
600 1878 642 1916 Si
672 1877 711 1915 in
737 1891 778 1915 ea
806 1888 956 1929 tempora
992 1886 1100 1913 natus
1135 1873 1214 1925 effic
1231 1903 1242 1920 ‚
1270 1872 1394 1924 quibus

101 1959 240 1983 munera
269 1944 421 1995 accipere
450 1941 604 1982 Romani
637 1939 860 1992 didiuffim,
886 1939 927 1992 se
961 1938 1045 1976 illos
1072 1937 1207 1974 diutius
1235 1936 1396 1988 imperare

103 2019 171 2043 non
189 2002 300 2056 fuiffi·
323 2001 512 2055 paffitrum.
545 2001 602 2041 Ita
622 2008 706 2039 turn
732 1999 885 2038 fortuna
912 1995 1076 2035 civitatis
1099 2007 1179 2033 non
1202 2004 1393 2033 armorum

103 2066 222 2118 magis
248 2065 450 2113 industria,
478 2077 595 2114 quam
625 2061 847 2102 innocentia
876 2072 1027 2100 morum
1053 2058 1162 2097 stetit.

156 2128 300 2170 XVIII.
335 2128 375 2168 L.
403 2126 615 2167 Postumius
636 2126 782 2164 interea
807 2135 886 2162 non
915 2122 1040 2161 minus
1065 2117 1301 2165 honoribus,
1327 2117 1390 2167 qui

103 2190 243 2230 aemulo
272 2189 461 2238 conceffi,
487 2201 601 2239 quam
633 2188 698 2238 qui
736 2186 803 2226 fibi
834 2185 959 2236 negati
1000 2184 1177 2228 fuerant,
1200 2181 1392 2225 iQremens

102 2266 172 2305 per
192 2253 463 2304 impotentiam
490 2252 634 2299 animi,
658 2263 746 2290 cum
775 2248 999 2289 auetoritate
1027 2247 1176 2286 Patrum
1199 2250 1395 2281 contuma-

105 2318 164 2358 cia
188 2317 372 2356 certando
389 2346 402 2366 .,
423 2328 550 2366 neque
579 2313 724 2354 mederi
751 2312 918 2363 acceptis
942 2309 1164 2350 vulneribus
1187 2307 1338 2358 potuit3
1359 2308 1392 2344 ἃ

151 2450 174 2494 §
199 2450 290 2484 XVI.
312 2451 433 2485 Horat.
451 2451 521 2485 Sat.
541 2462 581 2492 2,
600 2463 628 2485 1.
648 2450 721 2484 Col.
741 2449 890 2494 Capitol.
911 2448 999 2482 Plut.
1018 2448 1051 2481 in
1073 2447 1116 2489 Q.
1142 2446 1218 2479 Fab.
1251 2442 1392 2486 §XVII

105 2495 173 2529 17¹0
215 2496 303 2540 apud
324 2496 532 2533 Valcs.va1.
554 2477 649 2530 Max.
675 2495 836 2530 Zonaras.
869 2495 946 2529 Liv.
972 2493 1061 2538 Epir.
1089 2504 1139 2526 11
1170 2491 1240 2524 Cic.
1265 2490 1304 2523 de
1333 2487 1392 2520 off.

1040 2585 1127 2643 Μ
