1701 3008
310 212 412 264 <324
473 194 566 244 50.
614 186 1112 240 rnmNSHEMH
1150 181 1493 233 SUPPLEM.

315 303 437 347 securi
459 299 648 352 percuffit.
677 296 752 337 Hic
775 296 922 346 primus
944 294 992 333 de
1015 292 1151 343 Illyriis
1164 289 1382 342 triumphus
1408 292 1493 331 fuit.
1520 292 1596 332 An.

313 379 368 406 no
395 364 571 413 sequente
599 361 634 400 P.
655 357 805 399 Valerio
833 357 871 397 L.
901 356 943 396 F.
973 355 1031 395 M.
1052 355 1100 394 N.
1129 353 1294 400 Flacco,
1320 354 1377 394 M.
1402 354 1516 394 Atilio
1536 354 1592 394 M.

311 426 358 468 F.
377 426 432 466 M.
457 424 503 464 N.
526 418 675 471 Regulo
700 417 942 457 consulatum
966 414 1188 466 gerentibus
1204 445 1215 462 ‚
1239 422 1444 464 praetorum
1473 414 1597 464 dupli-

314 498 421 528 catus
439 487 490 524 est
505 495 706 523 numerus:
725 478 999 532 quaternosque
1015 479 1134 516 creari
1150 475 1271 517 visum
1283 508 1295 524 ,
1309 483 1351 515 ut
1371 476 1488 516 effent
1500 508 1512 525 ‚
1529 477 1596 527 qui

315 550 358 588 in
389 547 559 589 Siciliam
591 543 881 591 Sardiniamque
915 538 1128 590 provincias
1159 549 1251 577 cum
1281 537 1442 588 imperio
1471 539 1600 577 mitte·

315 619 458 651 rentur.
485 621 530 647 ex
554 607 614 645 his
636 606 691 646 M.
718 602 889 643 Valerius
919 601 1154 648 Sardiniam,
1181 598 1481 648 attributamque
1507 597 1599 636 huic

316 672 507 713 Corsicam
521 700 532 715 ,
554 668 596 709 C.
616 666 825 708 flaminius
844 663 1013 704 Siciliam
1030 661 1148 701 sortiti
1163 660 1260 700 sunt.
1282 660 1419 712 Ingens
1440 673 1486 699 eo
1503 668 1601 698 tem-

316 747 411 788 pore
435 733 509 772 fuit
536 743 658 770 metus
685 727 822 769 Gallici
851 725 964 773 belli,
982 726 1030 764 de
1053 737 1128 774 quo
1152 724 1234 773 Boji
1259 720 1600 773 Insubresquenon

315 797 415 838 inter
429 794 466 833 se
483 793 601 832 modo
614 823 625 841 ,
649 790 715 830 sed
738 789 853 829 etiam
875 800 966 827 cum
983 784 1238 836 Transalpinis
1263 784 1415 835 populis
1430 785 1595 836 agitare,

313 855 552 909 magnasque
580 853 811 894 Gaesatarum
843 849 1041 891 Gallorum
1067 849 1197 898 copias
1222 846 1413 898 stipendio
1445 847 1601 888 condu-

316 921 412 965 ‘xiste
439 919 675 958 ferebantur.

374 981 564 1024 XXXIV.
609 980 708 1028 Ergo
733 989 813 1015 non
836 973 946 1013 solita
967 973 1086 1012 modo
1113 970 1284 1011 remedia
1314 970 1464 1021 quaesita
1491 969 1601 1020 sunt,

319 1045 388 1086 sed
407 1045 525 1084 etiam
541 1042 586 1080 iis
609 1039 818 1079 rationibus
846 1036 962 1086 malo,
986 1035 1090 1086 quod
1114 1033 1347 1087 timebatur,
1371 1033 1571 1073 occursum
1586 1064 1600 1082 ‚

321 1120 414 1159 quas
438 1105 544 1157 apud
570 1103 718 1142 severos
741 1101 917 1150 judices,
945 1108 1081 1149 praeter
1107 1109 1278 1136 amorem
1313 1096 1464 1147 patriae,
1492 1098 1528 1136 ὃς
1558 1096 1599 1135 in

320 1172 404 1220 ejus
418 1167 575 1220 gratiam
592 1164 821 1215 quandoque
843 1160 1017 1199 conceffa
1031 1190 1042 1208 ‚
1061 1173 1143 1210 quae
1165 1159 1256 1198 alias
1274 1166 1524 1209 negarentur,
1543 1159 1602 1196 ni-

323 1231 381 1272 hil
407 1228 615 1270 excusaret.
649 1225 750 1282 Curq
776 1223 880 1262 enim
905 1232 1038 1272 praeter
1068 1219 1162 1259 alios
1193 1232 1240 1259 ex
1267 1219 1339 1259 diis
1365 1217 1602 1258 hominibus-
1671 1262 1678 1267 ³

314 1306 399 1346 'que
421 1301 603 1337 terrores,
627 1288 740 1326 etiam
764 1286 803 1324 in
825 1283 1021 1336 Sibyllinis
1040 1282 1146 1322 *libris
1167 1290 1362 1332 repertum
1385 1280 1498 1330 esset,
1516 1280 1603 1320 Gal-

322 1358 381 1399 los
398 1355 433 1394 6*
451 1356 591 1394 Graecos
611 1353 738 1392 Urbem
766 1351 966 1388 Romanam
994 1357 1246 1400 occupaturos,
1273 1345 1320 1384 ad
1346 1344 1602 1395 praedictionis

320 1419 409 1468 ¹ejus
433 1416 554 1454 minas
582 1412 791 1452 calliditate
819 1409 1042 1449 avertendas
1057 1438 1067 1456 ,
1093 1406 1147 1447 M.
1163 1401 1314 1446 Valerio
1337 1406 1394 1446 M.
1414 1405 1455 1445 F.
1478 1405 1535 1446 M.
1552 1406 1603 1446 N.

323 1476 498 1522 Messalla
513 1507 524 1522 ‚
541 1476 582 1516 L.
607 1473 759 1525 Apustio
784 1473 826 1512 L.
850 1471 877 1511 F
882 1471 959 1510 .-C.
983 1471 1033 1510 N.
1062 1468 1222 1508 Fullone
1247 1467 1345 1507 Coff.
1369 1480 1418 1506 ex
1439 1469 1604 1506 auetori-

326 1547 407 1580 tate
421 1537 652 1579 Pontificum
679 1535 854 1574 homines
880 1541 1064 1583 quatuor,
1091 1529 1244 1570 Gallum
1264 1531 1300 1569 δι
1317 1528 1484 1577 Gallam,
1504 1528 1604 1566 fimi-

322 1601 491 1652 Iiterque
518 1600 693 1639 Graecum
719 1599 753 1637 &
783 1596 974 1642 Graecam,
1000 1595 1040 1632 in
1064 1593 1193 1632 medio
1221 1591 1306 1630 foro
1334 1590 1465 1629 boario
1496 1591 1603 1628 vivos

326 1663 589 1710 defoderunt,
609 1668 659 1710 ⁴ut
682 1659 734 1697 ita
759 1657 859 1707 quali
895 1664 1040 1706 partem
1075 1654 1244 1704 aliquam
1284 1652 1396 1693 Urbis
1431 1660 1606 1690 tenentes
1626 1700 1629 1702 Ι

328 1724 542 1777 implevisse
562 1725 642 1764 fata
661 1721 889 1760 viderentur.
920 1718 1096 1758 Ceterum
1114 1716 1177 1754 hic
1189 1728 1308 1754 annus
1326 1715 1422 1753 inter
1438 1727 1494 1753 res
1515 1713 1606 1753 alias

330 1801 413 1829 non
434 1798 590 1838 magnas
604 1815 615 1831 ‚
636 1790 822 1833 apparatu
849 1782 1017 1820 maxime
1040 1778 1177 1820 Gallici
1200 1776 1312 1823 belli,
1330 1776 1435 1827 quod
1454 1777 1530 1825 jam
1552 1775 1607 1813 in-

328 1850 476 1896 stabat,
506 1846 726 1887 consumtus
751 1844 816 1884 est.
851 1842 1055 1892 Descripta:
1083 1840 1168 1878 sunt
1194 1840 1242 1879 ad
1272 1840 1310 1878 id
1335 1837 1478 1878 bellum
1500 1837 1607 1886 equi-

331 1918 417 1949 tum
443 1910 692 1959 peditumque
717 1906 859 1955 copiae,
887 1901 1097 1941 incredibili
1125 1913 1284 1939 numero
1300 1930 1313 1948 ‚
1335 1907 1417 1938 tota
1442 1911 1509 1949 pro
1531 1899 1608 1938 Ro-

333 1970 458 2010 mani<
485 1968 589 2007 Italia
618 1965 888 2006 consentiente.
927 1964 975 2013 Q.
997 1962 1133 2002 Fabius
1162 1961 1380 2008 historicus,
1403 1960 1468 2009 qui
1495 1958 1606 1997 rebus

332 2033 512 2085 gerendis
537 2031 735 2079 interfuit,
759 2028 872 2083 ffbla
891 2026 999 2080 suff
1026 2026 1154 2065 scribit
1180 2038 1385 2064 armatorum
1411 2023 1606 2075 oblingetna

334 2093 460 2132 millia.

391 2153 560 2202 XXXV.
580 2153 840 2192 Romanorum
867 2148 1023 2199 quidem
1046 2147 1405 2196 Campanorumque
1426 2156 1611 2190 numero,

336 2216 509 2266 peditum
538 2213 717 2262 explente
743 2214 906 2250 ducenta
935 2208 1184 2259 quadraginta
1208 2209 1296 2245 octo
1326 2204 1446 2243 millia
1468 2205 1609 2243 ducen-

331 2284 397 2316 ¹tos
410 2291 422 2323 ,-
441 2275 612 2324 equitum
633 2272 768 2324 viginti
791 2271 855 2310 sex
876 2270 992 2309 millia
1014 2268 1218 2308 sexcentos.
1248 2275 1374 2305 cetera
1397 2266 1607 2305 multitudo

387 2380 408 2418 S
438 2379 590 2411 XXXIII.
623 2377 746 2409 Zonar.
782 2376 868 2419 App.
895 2377 985 2419 Illyr.
1018 2371 1170 2414 Thucyd.
1196 2380 1238 2409 7,
1266 2381 1316 2402 10.
1344 2369 1426 2402 Tab.
1463 2368 1612 2411 Capitol.

345 2415 434 2456 Flor-
462 2433 519 2462 12,
547 2433 573 2461 5.
600 2421 740 2464 Eutrop.
763 2422 786 2452 1.
812 2431 841 2461 3.
868 2420 942 2451 Liv.
970 2419 1054 2460 Epit.
1077 2427 1130 2448 20.
1158 2414 1193 2447 l..
1217 2426 1246 2445 2.
1275 2417 1293 2450 Ε
1325 2425 1376 2456 32.
1397 2414 1432 2445 ff.
1454 2414 1491 2446 de
1512 2412 1555 2445 O.
1578 2411 1610 2444 J.

341 2467 449 2500 Solin.
472 2478 500 2498 c.
529 2478 578 2497 11.
601 2466 717 2508 Polyb.
735 2475 753 2496 2
772 2490 781 2504 ,
803 2475 856 2496 22.
883 2465 904 2507 §
933 2461 1088 2498 XXXIV.
1107 2459 1189 2492 Pasti
1205 2459 1351 2504 Capitol.
1368 2457 1467 2492 Oros.
1489 2468 1529 2498 4,
1555 2465 1607 2499 13.

342 2511 483 2556 Eutrop.
507 2513 527 2543 I.
560 2521 590 2555 3.
616 2510 698 2543 blm.
734 2520 772 2552 3,
801 2519 854 2541 20.

1687 390 1701 558 l
