1701 3008
275 229 371 273 '202
438 226 530 274 JO.
565 223 1095 272 FREINSHEMII
1132 224 1497 274 SUPPLEM:

279 333 636 384 circumventusque
662 333 788 380 foret,
816 331 882 370 nisi
908 339 1056 372 mature
1085 333 1383 384 captobconfilio
1410 323 1564 372 misisset
1594 311 1607 324 '⁸

277 396 327 434 ad
351 395 558 435 Hieronem
577 424 588 442 ,
612 393 713 443 quasi
741 393 789 433 de
815 393 1103 434 conditionibus
1129 395 1233 445 pacis
1258 397 1423 449 asturus.
1456 392 1563 434 Mifii:

279 458 315 495 ἃ
337 455 400 495 ille
419 464 567 495 certum
588 455 790 494 hominem
813 468 861 495 ex
882 456 1028 496 amicis.
1069 468 1159 495 cum
1186 455 1262 495 hoc
1285 451 1416 507 coepto
1441 453 1566 494 collo-

280 519 394 568 quio,
422 521 457 558 Sc
483 519 532 558 de
557 518 741 558 industria
772 519 985 569 procineto,
1002 518 1137 558 sensim
1169 532 1217 559 ex
1245 519 1378 571 iniquo
1407 517 1498 558 loco
1523 517 1568 555 se

276 579 461 620 subtraxit
483 583 524 620 in
543 589 685 621 tutum.
1043 575 1054 584 ⁸

331 644 558 685 XXXVIII.
592 643 815 695 Syracusani
838 657 991 696 quoque
1017 643 1158 691 secuti,
1178 643 1370 683 sermones
1396 643 1445 683 de
1468 654 1570 694 pace

279 718 369 744 cum
398 705 548 745 diversis
575 706 758 756 Romanis
790 706 1059 754 instituerunt,
1092 713 1404 757 conventumque
1435 705 1536 744 foret
1550 733 1569 751 ‚.

279 767 320 804 ni
347 766 463 806 Hiero
498 770 631 808 audior
658 768 739 807 fieri
768 767 961 808 noluisset.
1004 768 1075 808 His
1099 767 1214 813 rebus
1241 766 1414 818 gerendis
1441 766 1568 815 major

281 829 371 867 anni
400 843 486 880 pars
515 829 727 870 consumta.
768 837 852 869 tum
878 829 1091 871 Messanam
1120 828 1232 868 rediit
1262 827 1422 876 consul,
1447 829 1483 867 &
1507 827 1568 865 in-

283 890 332 928 de
356 889 584 930 cohortibus
600 890 747 941 aliquot
772 891 912 930 reliffis
928 891 977 930 ad
1001 892 1168 938 tuendos
1184 891 1438 932 Mamertinos
1449 919 1460 938 ‚
1475 901 1581 931 cumi⁴

283 953 417 990 ceteris
443 952 636 1004 Rhegium
656 953 808 1003 trajecit
825 966 838 992 :·
871 966 964 992 mox
988 948 1405 1005 Romam‘decessitad
1430 952 1567 991 trium-

282 1014 429 1064 phum3
460 1028 577 1065 quein
595 1016 644 1055 de
666 1016 794 1055 Poenis
819 1017 855 1055 Sc
872 1015 979 1066 Rege
995 1015 1135 1056 Siciliae
1156 1015 1326 1056 Hierone
1340 1045 1351 1065 ,
1368 1015 1474 1067 quod
1492 1013 1568 1065 pri-

283 1088 368 1114 mus
390 1075 453 1115 ille
475 1076 522 1115 de
545 1077 802 1117 transmarinis
821 1077 973 1128 populis
999 1085 1195 1128 ageretur,
1221 1091 1361 1129 magna
1388 1078 1570 1119 omnium

283 1139 538 1188 gratulatione
564 1140 687 1180 duxit.
728 1140 815 1180 Hoc
839 1140 991 1179 initium
1016 1141 1204 1180 Romanis
1226 1141 1403 1181 tentandi
1425 1140 1573 1189 maria,

285 1203 321 1240 ἃ
346 1202 411 1241 hic
431 1202 617 1243 successus
643 1214 861 1254 coeptorum
887 1204 928 1242 in
949 1202 1076 1244 Sicilia
1106 1205 1192 1245 fuit.
1235 1206 1416 1245 Ceterum
1444 1206 1480 1245 ἃ
1501 1203 1569 1243 ista

284 1265 321 1302 ἃ
348 1264 588 1315 sequentium
613 1273 833 1317 temporum
863 1267 962 1317 gesta
988 1266 1215 1317 scriptorum
1245 1267 1455 1307 ambitione
1488 1278 1569 1305 cor-

283 1333 392 1375 rupta
420 1327 529 1376 sunt,
555 1341 643 1367 cum
675 1341 805 1367 eorum
835 1329 1046 1379 praecipui,
1074 1327 1244 1369 Philinus
1269 1327 1538 1382 Agrigentinus
1555 1356 1572 1375 v

288 1389 324 1427 fc
357 1402 404 1428 ex
433 1391 618 1431 Romanis
645 1391 784 1432 Fabius
811 1391 960 1438 Pistor,
988 1391 1081 1430 dum
1105 1390 1171 1430 ille
1200 1386 1569 1441 Carthaginiensium

286 1448 437 1499 gloriae,
468 1451 530 1490 liic
563 1452 779 1490 domesticae
806 1452 971 1491 nimium
1004 1451 1150 1501 studet,
1177 1452 1350 1491 officium
1384 1453 1420 1491 &
1449 1450 1569 1490 fidem

284 1510 436 1562 insuper
460 1512 688 1553 habuerunt.

359 1573 560 1615 XXXIX.
610 1577 787 1625 Quorum
817 1573 1011 1614 levitatem
1044 1576 1179 1615 merito
1215 1574 1396 1626 Polybius
1431 1574 1581 1624 arguit.'

288 1635 431 1686 quippe
458 1649 548 1676 cum
579 1638 694 1676 etiarn
722 1638 959 1687 privatorum
988 1638 1154 1677 minimis
1175 1636 1224 1677 *in*
1246 1637 1363 1677 causis
1391 1635 1486 1675 falso
1513 1643 1582 1690 te<

287 1697 463 1737 stimonio
489 1699 765 1738 circumvenire
787 1698 1000 1749 quemlibet
1020 1697 1250 1738 exsecrabile
1266 1699 1412 1736 crimen
1432 1696 1572 1736 habea-

288 1764 371 1805 tur3
408 1767 549 1809 quanto
580 1760 742 1799 foediore
776 1760 933 1809 perfidia
963 1762 1139 1800 conditor
1163 1760 1324 1800 historiae
1354 1761 1570 1811 principum

289 1827 402 1871 atqu-e
431 1820 661 1870 populorum
689 1824 772 1860 acra
799 1833 1040 1872 corrumpere
1068 1821 1277 1861 censendus
1301 1822 1384 1861 est‘?
1416 1822 1477 1860 cui
1505 1835 1576 1861 ne-

292 1894 366 1930 que
387 1881 604 1921 mortalium
631 1885 927 1922 commodorum
952 1884 1182 1934 quidquam,
1203 1896 1329 1934 neque
1347 1883 1498 1933 spiritus
1514 1883 1572 1933 ip-

291 1942 330 1981 se
360 1943 520 1992 pulchra
547 1945 704 1984 vei-itate
734 1945 901 1984 debebat
934 1944 1008 1984 esse
1038 1946 1255 1996 antiquior,
1285 1953 1394 1984 tanto
1432 1944 1571 1983 minori

290 2004 358 2055 spe
380 2008 498 2046 venite
512 2040 523 2056 ,
544 2009 646 2058 quod
673 2021 720 2047 ne
744 2016 967 2060 praetextum
994 2008 1149 2059 quidem
1171 2007 1383 2046 mentiendi
1409 2005 1577 2057 allegare

290 2067 476 2106 idoneum
493 2067 615 2108 ullum
633 2069 776 2119 potest3
795 2071 854 2108 cui
872 2101 883 2115 ‚
900 2068 924 2108 si
945 2068 1080 2115 libere,
1097 2081 1178 2119 quae
1194 2081 1281 2107 vera
1297 2067 1462 2115 sciebat,
1480 2080 1573 2117 quaa

293 2141 443 2179 cunque
466 2132 514 2170 de
535 2132 644 2171 causa
670 2146 747 2171 non
774 2131 936 2170 licuisset
960 2131 1107 2170 tradere
1124 2161 1134 2179 ‚
1158 2138 1285 2169 tacere
1312 2137 1412 2168 certe
1438 2127 1573 2167 licuis-

291 2191 358 2231 set.
408 2194 541 2239 Po‘ro,
571 2194 662 2233 dum
696 2195 735 2232 in
765 2194 891 2234 Sicilia
921 2194 1104 2234 Claudius
1131 2194 1340 2234 Hieronem
1371 2193 1407 2231 ὅ.-
1432 2191 1571 2231 Poenos

292 2255 436 2301 vincit,
461 2255 702 2294 obsidionem
723 2255 1013 2304 Volsiniensium
1041 2255 1090 2295 ad
1114 2253 1260 2293 exitum
1290 2252 1448 2291 deduxit
1476 2251 1572 2291 alter

293 2315 426 2354 consul
450 2316 507 2356 M.
530 2317 706 2365 Fulvius,
732 2318 794 2367 qui
819 2317 997 2356 homines
1018 2315 1194 2356 adversus
1216 2315 1293 2353 vini
1311 2314 1572 2365 desperatione

292 2377 442 2417 validos
455 2408 466 2426 ‚
481 2378 613 2429 inopia
639 2391 764 2417 reruni
782 2378 1071 2418 necessariarum
1089 2379 1124 2418 &
1141 2377 1244 2416 fame
1266 2377 1428 2416 domuit.
1457 2376 1573 2416 Fat‘m

297 2554 320 2578 2
345 2499 556 2589 ἓῇξέζνῐῖ.
570 2501 687 2546 Polyb.
705 2512 761 2535 20.
776 2501 898 2536 Zonar.
919 2502 942 2546 5
966 2501 1153 2554 XXXVIII.
1173 2502 1275 2535 Silius
1295 2503 1320 2535 l.
1337 2501 1370 2536 6.
1395 2501 1535 2545 Eutrop.
1550 2502 1576 2534 1,

1667 2541 1679 2561 ἱ
