1701 3008
257 168 868 219 HISTORIARUM
914 173 1049 221 ΜΒ.
1101 174 1162 223 x.
1315 186 1378 241 «μ’

71 289 342 341 receperunt
360 280 403 324 se
426 279 543 326 intra
563 278 759 336 vallum,
782 281 998 328 trecentis
1017 282 1156 331 ferme
1176 283 1377 334 hostium

72 350 249 397 occifis.
296 348 614 399 Romanorum
654 352 859 400 stationis
902 354 1058 418 primae
1091 356 1379 422 vigilumque

73 426 126 472 &
154 442 340 484 eorum,
373 426 453 489 qui
483 426 604 473 circa
629 427 918 490 quaestorium
947 430 1171 492 oppressi,
1201 433 1378 493 periere

71 502 127 548 ad
157 501 379 548 ducentos
408 501 609 565 triginta.
644 501 837 549 Animos
858 502 962 550 inde
981 505 1257 552 Samnitibus
1279 523 1379 554 non

71 573 234 620 infelix
262 574 447 621 audacia
472 573 626 630 auxit;
657 575 708 622 &
736 591 835 621 non
854 577 999 622 modo
1029 577 1235 639 proferre
1268 579 1376 626 inde

72 649 211 696 castra
229 650 489 695 Romanum
504 682 519 703 ‚
539 647 612 694 sed
631 665 687 695 ne
705 649 911 712 papulari
929 652 1111 714 quidem
1141 670 1220 716 per
1241 671 1377 718 agros

70 720 198 777 suos,
218 720 518 782 patiebantur.
534 733 657 766 retro
676 720 725 767 in
745 733 954 783 pacatum
975 723 1199 771 Soranum
1219 742 1377 789 agrum

68 793 359 857 pabulatores
391 793 532 841 ibant.
576 796 787 855 Quarum
830 812 979 843 rerum
1018 797 1168 855 fama,
1206 799 1382 846 tumul-

70 866 251 913 tuofior
285 867 452 926 etiam,
490 883 626 930 quam
660 884 730 916 res
760 880 917 929 erant,
957 871 1124 933 perlata
1150 873 1380 932 Romam,

74 937 227 1001 coegit
257 938 306 984 L.
328 935 609 983 Postumium
641 940 874 988 consulem
890 978 904 999 ‚
933 944 1123 991 vixdum
1146 946 1381 1005 validum,

71 1008 301 1070 proficisci
335 1025 391 1055 ex
411 1009 538 1056 urbe„
574 1011 702 1059 Prius
729 1025 880 1061 tamen
896 1051 911 1074 ‚
929 1033 1067 1079 quam
1090 1017 1262 1075 exiret,
1287 1020 1380 1064 mi-

71 1080 229 1127 litibus
261 1080 409 1127 edisto
440 1085 600 1131 Soram
633 1084 1076 1143 justis-convenire,
1108 1086 1201 1148 ipse
1234 1089 1379 1137 aedem

71 1155 313 1210 Vitiorum
346 1171 482 1217 quam
509 1152 649 1201 aedilis
678 1154 845 1202 curulis
880 1172 937 1202 ex
965 1160 1212 1208 multaticia
1233 1180 1379 1224 pecu-

71 1227 149 1273 nia
177 1226 429 1273 faciendam
455 1239 724 1286 curaverat,
755 1228 997 1278 dedicavit.
1029 1234 1094 1279 Ita
1115 1233 1168 1280 ad
1196 1237 1381 1283 exerci-

70 1311 168 1347 tum
200 1299 455 1363 profeclus⁹
486 1299 542 1346 ab
568 1301 681 1347 Sora
700 1299 747 1346 in
767 1301 997 1350 Samnium
1027 1306 1083 1351 ad
1113 1307 1251 1354 castra
1271 1310 1375 1356 col-

68 1372 181 1436 legae
201 1370 411 1435 perrexit.
441 1370 546 1417 inde
573 1372 814 1437 postquam
836 1375 1080 1435 Samnites,
1100 1378 1229 1426 diffisi
1254 1381 1375 1428 duo-

71 1445 156 1493 bus
192 1444 463 1492 exercitibus
498 1445 637 1492 refisti
670 1446 795 1509 poffe
817 1483 832 1506 ‚
868 1449 1169 1509 recesset-unm
1204 1453 1374 1503 diversi

73 1518 285 1566 consules
317 1520 372 1566 ad
404 1517 649 1567 vastandos
685 1537 820 1584 agros
845 1522 1065 1588 urbesqtie
1099 1540 1373 1592 oppugnan-

71 1591 148 1638 das
168 1590 415 1637 discedunt.

141 1666 368 1712 XXXIV.
391 1661 646 1713 Postumius
669 1665 928 1721 Milioniam
949 1685 1213 1736 oppugnare
1237 1675 1374 1723 adora

70 1750 174 1798 tus,
210 1738 260 1787 vi
295 1739 446 1802 primo
481 1751 617 1803 atque
649 1739 852 1804 impetu,
884 1743 1016 1803 dein,
1049 1746 1286 1810 postquam
1322 1767 1374 1798 ea

73 1831 233 1876 parum
268 1813 612 1876 procedebant,
646 1831 785 1878 opere
818 1830 868 1865 ac
905 1818 1050 1866 vineis
1084 1820 1266 1868 demum
1298 1823 1374 1870 in-

71 1887 234 1950 junffis
263 1903 397 1934 muro
427 1888 561 1951 cepit.
591 1888 683 1948 Ibi,
716 1903 845 1953 capta
872 1889 956 1953 jam
989 1892 1127 1952 urbe,
1162 1895 1218 1942 ab
1252 1896 1370 1945 hora

71 1971 228 2022 quarta
255 1959 395 2023 usque
413 1960 468 2007 ad
486 1962 697 2009 o&avam
727 1961 820 2009 fere
848 1964 1005 2011 horam
1033 1967 1248 2015 omnibus
1268 1987 1371 2032 par-

73 2031 195 2078 tibus
220 2031 342 2077 urbis
372 2031 449 2077 diu
477 2031 654 2079 incerto
682 2047 853 2081 eventu
881 2048 1130 2100 pugnatum
1162 2040 1238 2087 est.
1279 2059 1371 2105 po-

72 2101 240 2150 stremo
269 2104 445 2165 potitur
472 2104 647 2166 oppido
679 2106 933 2155 Romanus.
963 2110 1233 2158 Samnitium
1268 2116 1371 2163 caefi

72 2176 159 2223 tria
191 2176 331 2224 millia
366 2178 579 2224 ducenti:
614 2178 733 2241 capti
756 2193 955 2243 quatuor
983 2182 1120 2228 millia
1152 2185 1369 2250 ducenti,

73 2263 239 2314 praeter
269 2252 465 2314 praeclam
499 2251 644 2298 aliam.
681 2254 788 2299 Inde
812 2255 1097 2302 Ferentinum
1126 2257 1267 2306 du&ae
1302 2262 1371 2308 le-

74 2323 259 2387 giones:
295 2325 414 2370 unde
451 2325 668 2387 oppidani
704 2343 806 2373 cum
842 2329 1054 2377 omnibus
1089 2332 1219 2380 rebus
1254 2333 1370 2393 suis,

73 2411 175 2457 quae
194 2393 300 2440 ferri
322 2396 484 2460 agique
499 2410 772 2459 potuerunt,
789 2401 922 2446 nocte
941 2419 1021 2464 per
1039 2404 1239 2452 aversam
1259 2424 1368 2468 pora

72 2477 166 2515 tam
193 2466 370 2516 silentio
391 2470 686 2520 excesserunt.
708 2472 874 2537 Igitur,
896 2475 1021 2521 simul
1042 2477 1227 2526 advenit
1248 2497 1367 2535 con-q

1008 2552 1114 2599 Dz
