<?xml version="1.0" encoding="UTF-8"?>
<!DOCTYPE html PUBLIC "-//W3C//DTD XHTML 1.0 Transitional//EN"
    "http://www.w3.org/TR/xhtml1/DTD/xhtml1-transitional.dtd">
<html xmlns="http://www.w3.org/1999/xhtml" xml:lang="en" lang="en">
 <head>
  <title>
</title>
<meta http-equiv="Content-Type" content="text/html;charset=utf-8" />
  <meta name='ocr-system' content='tesseract 3.04.00' />
  <meta name='ocr-capabilities' content='ocr_page ocr_carea ocr_par ocr_line ocrx_word'/>
</head>
<body>
  <div class='ocr_page' id='page_1' title='image "./historiarumlibri03livyuoft_0361.png"; bbox 0 0 1701 3008; ppageno 0'>
   <div class='ocr_carea' id='block_1_1' title="bbox 160 193 1328 262">
    <p class='ocr_par' dir='ltr' id='par_1_1' title="bbox 160 193 1328 262">
     <span class='ocr_line' id='line_1_1' title="bbox 160 193 1328 262; baseline 0.005 -21"><span class='ocrx_word' id='word_1_1' title='bbox 160 193 749 241; x_wconf 84' lang='lat' dir='ltr'><em>HlSTORIARUM</em></span> <span class='ocrx_word' id='word_1_2' title='bbox 795 196 924 242; x_wconf 89' lang='lat' dir='ltr'><strong>LIB.</strong></span> <span class='ocrx_word' id='word_1_3' title='bbox 977 196 1136 244; x_wconf 90' lang='lat' dir='ltr'>XXI.</span> <span class='ocrx_word' id='word_1_4' title='bbox 1235 213 1328 262; x_wconf 72' lang='lat'><em>353</em></span> 
     </span>
    </p>
   </div>
   <div class='ocr_carea' id='block_1_2' title="bbox 25 305 1331 2627">
    <p class='ocr_par' dir='ltr' id='par_1_2' title="bbox 29 305 1331 662">
     <span class='ocr_line' id='line_1_2' title="bbox 31 305 1331 368; baseline 0.003 -19"><span class='ocrx_word' id='word_1_5' title='bbox 31 320 118 351; x_wconf 85' lang='lat' dir='ltr'><em>tum</em></span> <span class='ocrx_word' id='word_1_6' title='bbox 138 305 280 368; x_wconf 84' lang='lat' dir='ltr'><em>poffit.</em></span> <span class='ocrx_word' id='word_1_7' title='bbox 317 308 415 366; x_wconf 82' lang='lat' dir='ltr'><em>Ego</em></span> <span class='ocrx_word' id='word_1_8' title='bbox 444 307 506 350; x_wconf 90' lang='lat' dir='ltr'><em>ita</em></span> <span class='ocrx_word' id='word_1_9' title='bbox 537 305 701 365; x_wconf 73' lang='lat' dir='ltr'><em>censeo,</em></span> <span class='ocrx_word' id='word_1_10' title='bbox 732 308 890 367; x_wconf 80' lang='lat' dir='ltr'><em>legatos</em></span> <span class='ocrx_word' id='word_1_11' title='bbox 913 311 1118 367; x_wconf 84' lang='lat' dir='ltr'><em>extemplo</em></span> <span class='ocrx_word' id='word_1_12' title='bbox 1145 310 1331 354; x_wconf 83' lang='lat' dir='ltr'><em>Romam</em></span> 
     </span>
     <span class='ocr_line' id='line_1_3' title="bbox 30 377 1331 440; baseline 0.005 -19"><span class='ocrx_word' id='word_1_13' title='bbox 30 381 278 435; x_wconf 81' lang='lat' dir='ltr'><em>mittendos,</em></span> <span class='ocrx_word' id='word_1_14' title='bbox 302 381 371 439; x_wconf 84' lang='lat' dir='ltr'><em>qui</em></span> <span class='ocrx_word' id='word_1_15' title='bbox 385 378 560 438; x_wconf 72' lang='lat' dir='ltr'><em>senatui</em></span> <span class='ocrx_word' id='word_1_16' title='bbox 569 377 853 438; x_wconf 86' lang='lat' dir='ltr'><em>satisfaciant</em></span> <span class='ocrx_word' id='word_1_17' title='bbox 867 396 883 424; x_wconf 91' lang='lat'><em>:</em></span> <span class='ocrx_word' id='word_1_18' title='bbox 903 383 1037 436; x_wconf 87' lang='lat' dir='ltr'><em>alios,</em></span> <span class='ocrx_word' id='word_1_19' title='bbox 1056 383 1128 440; x_wconf 84' lang='lat' dir='ltr'><em>qui</em></span> <span class='ocrx_word' id='word_1_20' title='bbox 1147 382 1331 427; x_wconf 86' lang='lat' dir='ltr'><em>Hanni-</em></span> 
     </span>
     <span class='ocr_line' id='line_1_4' title="bbox 29 450 1331 515; baseline 0.003 -19"><span class='ocrx_word' id='word_1_21' title='bbox 29 453 118 496; x_wconf 82' lang='lat' dir='ltr'><em>bali</em></span> <span class='ocrx_word' id='word_1_22' title='bbox 133 452 329 496; x_wconf 80' lang='lat' dir='ltr'><em>nuntient</em></span> <span class='ocrx_word' id='word_1_23' title='bbox 343 486 357 507; x_wconf 91' lang='lat'><em>,</em></span> <span class='ocrx_word' id='word_1_24' title='bbox 375 467 422 496; x_wconf 86' lang='lat' dir='ltr'><em>ut</em></span> <span class='ocrx_word' id='word_1_25' title='bbox 438 454 659 496; x_wconf 84' lang='lat' dir='ltr'><em>exercitam</em></span> <span class='ocrx_word' id='word_1_26' title='bbox 675 453 727 495; x_wconf 84' lang='lat' dir='ltr'><em>ab</em></span> <span class='ocrx_word' id='word_1_27' title='bbox 743 454 934 513; x_wconf 77' lang='lat' dir='ltr'><em>Sagunto</em></span> <span class='ocrx_word' id='word_1_28' title='bbox 953 450 1157 512; x_wconf 82' lang='lat' dir='ltr'><em>abducat,</em></span> <span class='ocrx_word' id='word_1_29' title='bbox 1171 455 1331 515; x_wconf 82' lang='lat' dir='ltr'><em>ipsum·-</em></span> 
     </span>
     <span class='ocr_line' id='line_1_5' title="bbox 29 526 1330 588; baseline 0.004 -17"><span class='ocrx_word' id='word_1_30' title='bbox 29 545 105 588; x_wconf 81' lang='lat' dir='ltr'><em>que</em></span> <span class='ocrx_word' id='word_1_31' title='bbox 127 528 417 572; x_wconf 80' lang='lat' dir='ltr'><em>Hannibalem</em></span> <span class='ocrx_word' id='word_1_32' title='bbox 443 546 497 573; x_wconf 88' lang='lat' dir='ltr'><em>ex</em></span> <span class='ocrx_word' id='word_1_33' title='bbox 521 526 679 586; x_wconf 81' lang='lat' dir='ltr'><em>foedere</em></span> <span class='ocrx_word' id='word_1_34' title='bbox 706 528 918 574; x_wconf 86' lang='lat' dir='ltr'><em>Romanis</em></span> <span class='ocrx_word' id='word_1_35' title='bbox 945 532 1128 576; x_wconf 80' lang='lat' dir='ltr'><em>dedant:</em></span> <span class='ocrx_word' id='word_1_36' title='bbox 1166 533 1330 577; x_wconf 82' lang='lat' dir='ltr'><em>tertiam</em></span> 
     </span>
     <span class='ocr_line' id='line_1_6' title="bbox 30 601 1215 662; baseline 0.004 -18"><span class='ocrx_word' id='word_1_37' title='bbox 30 602 277 661; x_wconf 79' lang='lat' dir='ltr'><em>legationem</em></span> <span class='ocrx_word' id='word_1_38' title='bbox 299 603 359 645; x_wconf 86' lang='lat' dir='ltr'><em>ad</em></span> <span class='ocrx_word' id='word_1_39' title='bbox 378 617 439 645; x_wconf 83' lang='lat' dir='ltr'><em>res</em></span> <span class='ocrx_word' id='word_1_40' title='bbox 456 601 712 661; x_wconf 75' lang='lat' dir='ltr'><em>Saguntinis</em></span> <span class='ocrx_word' id='word_1_41' title='bbox 733 602 965 647; x_wconf 83' lang='lat' dir='ltr'><em>reddendas</em></span> <span class='ocrx_word' id='word_1_42' title='bbox 986 606 1215 662; x_wconf 31' lang='lat' dir='ltr'><em>decernoqx</em></span> 
     </span>
    </p>

    <p class='ocr_par' dir='ltr' id='par_1_3' title="bbox 25 668 1331 2570">
     <span class='ocr_line' id='line_1_7' title="bbox 95 668 1330 731; baseline 0.001 -14"><span class='ocrx_word' id='word_1_43' title='bbox 95 672 174 717; x_wconf 88' lang='lat' dir='ltr'><em>X1.</em></span> <span class='ocrx_word' id='word_1_44' title='bbox 194 672 315 717; x_wconf 90' lang='lat' dir='ltr'><em>Cum</em></span> <span class='ocrx_word' id='word_1_45' title='bbox 333 670 501 716; x_wconf 91' lang='lat' dir='ltr'><em>Hanno</em></span> <span class='ocrx_word' id='word_1_46' title='bbox 523 668 793 731; x_wconf 76' lang='lat' dir='ltr'><em>perorasset,</em></span> <span class='ocrx_word' id='word_1_47' title='bbox 815 670 987 717; x_wconf 85' lang='lat' dir='ltr'><em>nemini</em></span> <span class='ocrx_word' id='word_1_48' title='bbox 1004 671 1212 718; x_wconf 89' lang='lat' dir='ltr'><em>omnium</em></span> <span class='ocrx_word' id='word_1_49' title='bbox 1234 688 1330 720; x_wconf 90' lang='lat' dir='ltr'><em>cer-</em></span> 
     </span>
     <span class='ocr_line' id='line_1_8' title="bbox 28 738 1329 806; baseline 0.002 -18"><span class='ocrx_word' id='word_1_50' title='bbox 28 754 123 789; x_wconf 91' lang='lat' dir='ltr'><em>tare</em></span> <span class='ocrx_word' id='word_1_51' title='bbox 144 741 355 788; x_wconf 86' lang='lat' dir='ltr'><em>oratione</em></span> <span class='ocrx_word' id='word_1_52' title='bbox 381 757 483 786; x_wconf 87' lang='lat' dir='ltr'><em>cum</em></span> <span class='ocrx_word' id='word_1_53' title='bbox 514 755 572 786; x_wconf 93' lang='lat' dir='ltr'><em>eo</em></span> <span class='ocrx_word' id='word_1_54' title='bbox 593 739 764 787; x_wconf 86' lang='lat' dir='ltr'><em>neceffe</em></span> <span class='ocrx_word' id='word_1_55' title='bbox 785 740 902 796; x_wconf 81' lang='lat' dir='ltr'><em>fuit3</em></span> <span class='ocrx_word' id='word_1_56' title='bbox 929 738 1043 789; x_wconf 77' lang='lat' dir='ltr'><em>adeo</em></span> <span class='ocrx_word' id='word_1_57' title='bbox 1065 760 1208 806; x_wconf 84' lang='lat' dir='ltr'>prope</span> <span class='ocrx_word' id='word_1_58' title='bbox 1230 760 1329 790; x_wconf 90' lang='lat' dir='ltr'><em>om·</em></span> 
     </span>
     <span class='ocr_line' id='line_1_9' title="bbox 30 811 1331 878; baseline 0.001 -16"><span class='ocrx_word' id='word_1_59' title='bbox 30 816 100 862; x_wconf 87' lang='lat' dir='ltr'><em>nis</em></span> <span class='ocrx_word' id='word_1_60' title='bbox 132 816 306 863; x_wconf 85' lang='lat' dir='ltr'><em>senatus</em></span> <span class='ocrx_word' id='word_1_61' title='bbox 334 811 600 859; x_wconf 71' lang='lat' dir='ltr'><em>Hannibalis</em></span> <span class='ocrx_word' id='word_1_62' title='bbox 633 825 754 860; x_wconf 88' lang='lat' dir='ltr'><em>erat:</em></span> <span class='ocrx_word' id='word_1_63' title='bbox 790 812 1081 878; x_wconf 85' lang='lat' dir='ltr'><em>infestiusque</em></span> <span class='ocrx_word' id='word_1_64' title='bbox 1117 816 1331 863; x_wconf 88' lang='lat' dir='ltr'><em>locutum</em></span> 
     </span>
     <span class='ocr_line' id='line_1_10' title="bbox 29 885 1331 950; baseline 0 -16"><span class='ocrx_word' id='word_1_65' title='bbox 29 887 276 950; x_wconf 88' lang='lat' dir='ltr'><em>arguebant</em></span> <span class='ocrx_word' id='word_1_66' title='bbox 305 886 579 932; x_wconf 84' lang='lat' dir='ltr'><em>Hannonem</em></span> <span class='ocrx_word' id='word_1_67' title='bbox 599 920 614 942; x_wconf 85' lang='lat'>‚</span> <span class='ocrx_word' id='word_1_68' title='bbox 646 901 783 947; x_wconf 90' lang='lat' dir='ltr'><em>quam</em></span> <span class='ocrx_word' id='word_1_69' title='bbox 815 885 1028 934; x_wconf 87' lang='lat' dir='ltr'><strong>Flaccum</strong></span> <span class='ocrx_word' id='word_1_70' title='bbox 1060 888 1293 934; x_wconf 86' lang='lat' dir='ltr'><em>Valerium</em></span> <span class='ocrx_word' id='word_1_71' title='bbox 1313 924 1331 948; x_wconf 91' lang='lat'><em>,</em></span> 
     </span>
     <span class='ocr_line' id='line_1_11' title="bbox 29 952 1331 1025; baseline 0.001 -18"><span class='ocrx_word' id='word_1_72' title='bbox 29 961 225 1025; x_wconf 85' lang='lat' dir='ltr'><em>legatum</em></span> <span class='ocrx_word' id='word_1_73' title='bbox 246 952 521 1004; x_wconf 84' lang='lat' dir='ltr'><em>Romanum.</em></span> <span class='ocrx_word' id='word_1_74' title='bbox 545 955 829 1019; x_wconf 84' lang='lat' dir='ltr'>Responsum</span> <span class='ocrx_word' id='word_1_75' title='bbox 844 957 950 1005; x_wconf 91' lang='lat' dir='ltr'><em>inde</em></span> <span class='ocrx_word' id='word_1_76' title='bbox 976 958 1129 1024; x_wconf 80' lang='lat' dir='ltr'><em>legatis</em></span> <span class='ocrx_word' id='word_1_77' title='bbox 1156 961 1331 1008; x_wconf 82' lang='lat' dir='ltr'><em>Roma-</em></span> 
     </span>
     <span class='ocr_line' id='line_1_12' title="bbox 29 1033 1328 1093; baseline 0.001 -13"><span class='ocrx_word' id='word_1_78' title='bbox 29 1034 99 1080; x_wconf 85' lang='lat' dir='ltr'><em>nis</em></span> <span class='ocrx_word' id='word_1_79' title='bbox 128 1033 190 1080; x_wconf 84' lang='lat' dir='ltr'><em>est</em></span> <span class='ocrx_word' id='word_1_80' title='bbox 208 1068 222 1090; x_wconf 91' lang='lat'><em>,</em></span> <span class='ocrx_word' id='word_1_81' title='bbox 243 1035 411 1079; x_wconf 83' lang='lat' dir='ltr'><em>Bellum</em></span> <span class='ocrx_word' id='word_1_82' title='bbox 432 1046 565 1077; x_wconf 86' lang='lat' dir='ltr'><em>ortum</em></span> <span class='ocrx_word' id='word_1_83' title='bbox 583 1034 636 1076; x_wconf 81' lang='lat' dir='ltr'><em>ab</em></span> <span class='ocrx_word' id='word_1_84' title='bbox 658 1034 913 1093; x_wconf 79' lang='lat' dir='ltr'><em>Saguntinis</em></span> <span class='ocrx_word' id='word_1_85' title='bbox 926 1067 940 1090; x_wconf 96' lang='lat'><em>,</em></span> <span class='ocrx_word' id='word_1_86' title='bbox 970 1053 1058 1079; x_wconf 90' lang='lat' dir='ltr'><em>non</em></span> <span class='ocrx_word' id='word_1_87' title='bbox 1076 1036 1129 1080; x_wconf 80' lang='lat' dir='ltr'><em>ab</em></span> <span class='ocrx_word' id='word_1_88' title='bbox 1146 1037 1328 1081; x_wconf 89' lang='lat' dir='ltr'><em>Hanni-</em></span> 
     </span>
     <span class='ocr_line' id='line_1_13' title="bbox 29 1104 1329 1172; baseline 0.002 -20"><span class='ocrx_word' id='word_1_89' title='bbox 29 1111 120 1154; x_wconf 83' lang='lat' dir='ltr'><em>bale</em></span> <span class='ocrx_word' id='word_1_90' title='bbox 141 1105 228 1170; x_wconf 84' lang='lat' dir='ltr'><em>effe.</em></span> <span class='ocrx_word' id='word_1_91' title='bbox 246 1110 456 1166; x_wconf 80' lang='lat' dir='ltr'><em>populum</em></span> <span class='ocrx_word' id='word_1_92' title='bbox 473 1107 720 1150; x_wconf 80' lang='lat' dir='ltr'><em>Romanum</em></span> <span class='ocrx_word' id='word_1_93' title='bbox 749 1104 900 1172; x_wconf 80' lang='lat' dir='ltr'><em>injuste</em></span> <span class='ocrx_word' id='word_1_94' title='bbox 911 1106 1080 1165; x_wconf 86' lang='lat' dir='ltr'><em>facere,</em></span> <span class='ocrx_word' id='word_1_95' title='bbox 1094 1108 1147 1171; x_wconf 82' lang='lat' dir='ltr'><em>si</em></span> <span class='ocrx_word' id='word_1_96' title='bbox 1158 1113 1329 1171; x_wconf 79' lang='lat' dir='ltr'><em>Sagun-</em></span> 
     </span>
     <span class='ocr_line' id='line_1_14' title="bbox 31 1179 1329 1246; baseline 0.003 -20"><span class='ocrx_word' id='word_1_97' title='bbox 31 1185 145 1226; x_wconf 81' lang='lat' dir='ltr'><em>tinos</em></span> <span class='ocrx_word' id='word_1_98' title='bbox 161 1180 426 1246; x_wconf 65' lang='lat' dir='ltr'><em>vetustifimae</em></span> <span class='ocrx_word' id='word_1_99' title='bbox 449 1179 855 1244; x_wconf 77' lang='lat' dir='ltr'><em>Cartlzaginienstum</em></span> <span class='ocrx_word' id='word_1_100' title='bbox 876 1180 1073 1239; x_wconf 83' lang='lat' dir='ltr'><em>societati</em></span> <span class='ocrx_word' id='word_1_101' title='bbox 1091 1199 1329 1243; x_wconf 67' lang='lat' dir='ltr'><em>praeponat.</em></span> 
     </span>
     <span class='ocr_line' id='line_1_15' title="bbox 29 1251 1328 1315; baseline 0.002 -16"><span class='ocrx_word' id='word_1_102' title='bbox 29 1254 155 1300; x_wconf 91' lang='lat' dir='ltr'><em>Dum</em></span> <span class='ocrx_word' id='word_1_103' title='bbox 181 1251 380 1299; x_wconf 87' lang='lat' dir='ltr'><em>Romani</em></span> <span class='ocrx_word' id='word_1_104' title='bbox 405 1264 583 1313; x_wconf 82' lang='lat' dir='ltr'><em>tempus</em></span> <span class='ocrx_word' id='word_1_105' title='bbox 616 1261 770 1297; x_wconf 86' lang='lat' dir='ltr'><em>terunt</em></span> <span class='ocrx_word' id='word_1_106' title='bbox 802 1251 1103 1315; x_wconf 81' lang='lat' dir='ltr'><em>legationibus</em></span> <span class='ocrx_word' id='word_1_107' title='bbox 1139 1255 1328 1302; x_wconf 86' lang='lat' dir='ltr'><em>mitten-</em></span> 
     </span>
     <span class='ocr_line' id='line_1_16' title="bbox 27 1323 1328 1391; baseline 0.001 -17"><span class='ocrx_word' id='word_1_108' title='bbox 27 1327 126 1384; x_wconf 85' lang='lat' dir='ltr'><em>dis,</em></span> <span class='ocrx_word' id='word_1_109' title='bbox 154 1323 409 1380; x_wconf 79' lang='lat' dir='ltr'><em>Hannibal,</em></span> <span class='ocrx_word' id='word_1_110' title='bbox 431 1324 539 1389; x_wconf 83' lang='lat' dir='ltr'><em>quia</em></span> <span class='ocrx_word' id='word_1_111' title='bbox 565 1323 722 1371; x_wconf 85' lang='lat' dir='ltr'><em>feffum</em></span> <span class='ocrx_word' id='word_1_112' title='bbox 748 1324 938 1376; x_wconf 86' lang='lat' dir='ltr'><em>militem</em></span> <span class='ocrx_word' id='word_1_113' title='bbox 967 1327 1144 1389; x_wconf 80' lang='lat' dir='ltr'><em>proeliis</em></span> <span class='ocrx_word' id='word_1_114' title='bbox 1173 1328 1328 1391; x_wconf 88' lang='lat' dir='ltr'><em>operi-</em></span> 
     </span>
     <span class='ocr_line' id='line_1_17' title="bbox 28 1396 1328 1463; baseline 0.001 -17"><span class='ocrx_word' id='word_1_115' title='bbox 28 1398 200 1462; x_wconf 85' lang='lat' dir='ltr'><em>busque</em></span> <span class='ocrx_word' id='word_1_116' title='bbox 221 1396 440 1463; x_wconf 84' lang='lat' dir='ltr'><em>habebat,</em></span> <span class='ocrx_word' id='word_1_117' title='bbox 472 1412 724 1459; x_wconf 87' lang='lat' dir='ltr'><em>paucorum</em></span> <span class='ocrx_word' id='word_1_118' title='bbox 755 1396 808 1442; x_wconf 81' lang='lat' dir='ltr'><em>iis</em></span> <span class='ocrx_word' id='word_1_119' title='bbox 827 1397 999 1444; x_wconf 87' lang='lat' dir='ltr'><em>dierum</em></span> <span class='ocrx_word' id='word_1_120' title='bbox 1030 1398 1227 1463; x_wconf 86' lang='lat' dir='ltr'><em>quietem</em></span> <span class='ocrx_word' id='word_1_121' title='bbox 1246 1401 1328 1447; x_wconf 89' lang='lat' dir='ltr'><em>de-</em></span> 
     </span>
     <span class='ocr_line' id='line_1_18' title="bbox 29 1469 1326 1539; baseline 0.002 -20"><span class='ocrx_word' id='word_1_122' title='bbox 29 1473 120 1532; x_wconf 83' lang='lat' dir='ltr'><em>dit,</em></span> <span class='ocrx_word' id='word_1_123' title='bbox 148 1469 414 1518; x_wconf 86' lang='lat' dir='ltr'><em>stationibus</em></span> <span class='ocrx_word' id='word_1_124' title='bbox 441 1470 497 1515; x_wconf 90' lang='lat' dir='ltr'><em>ad</em></span> <span class='ocrx_word' id='word_1_125' title='bbox 517 1469 766 1517; x_wconf 88' lang='lat' dir='ltr'><em>custodiam</em></span> <span class='ocrx_word' id='word_1_126' title='bbox 788 1470 1020 1518; x_wconf 85' lang='lat' dir='ltr'><em>vinearum</em></span> <span class='ocrx_word' id='word_1_127' title='bbox 1039 1473 1326 1539; x_wconf 86' lang='lat' dir='ltr'><em>aliorumque</em></span> 
     </span>
     <span class='ocr_line' id='line_1_19' title="bbox 28 1543 1326 1610; baseline 0.002 -16"><span class='ocrx_word' id='word_1_128' title='bbox 28 1563 223 1610; x_wconf 88' lang='lat' dir='ltr'><em>operum</em></span> <span class='ocrx_word' id='word_1_129' title='bbox 255 1543 490 1607; x_wconf 75' lang='lat' dir='ltr'><em>dispositis.</em></span> <span class='ocrx_word' id='word_1_130' title='bbox 527 1544 709 1590; x_wconf 89' lang='lat' dir='ltr'><em>interim</em></span> <span class='ocrx_word' id='word_1_131' title='bbox 729 1546 906 1592; x_wconf 86' lang='lat' dir='ltr'><em>animos</em></span> <span class='ocrx_word' id='word_1_132' title='bbox 935 1555 1094 1594; x_wconf 87' lang='lat' dir='ltr'><em>eorum</em></span> <span class='ocrx_word' id='word_1_133' title='bbox 1115 1566 1239 1596; x_wconf 89' lang='lat' dir='ltr'><em>nunc</em></span> <span class='ocrx_word' id='word_1_134' title='bbox 1259 1549 1326 1597; x_wconf 85' lang='lat' dir='ltr'><em>ira</em></span> 
     </span>
     <span class='ocr_line' id='line_1_20' title="bbox 28 1616 1326 1682; baseline 0.002 -15"><span class='ocrx_word' id='word_1_135' title='bbox 28 1622 76 1667; x_wconf 87' lang='lat' dir='ltr'><em>in</em></span> <span class='ocrx_word' id='word_1_136' title='bbox 108 1618 256 1666; x_wconf 88' lang='lat' dir='ltr'><em>hostes</em></span> <span class='ocrx_word' id='word_1_137' title='bbox 280 1617 550 1664; x_wconf 89' lang='lat' dir='ltr'><em>stimulando</em></span> <span class='ocrx_word' id='word_1_138' title='bbox 565 1653 579 1674; x_wconf 84' lang='lat'><em>,</em></span> <span class='ocrx_word' id='word_1_139' title='bbox 602 1634 723 1665; x_wconf 87' lang='lat' dir='ltr'><em>nunc</em></span> <span class='ocrx_word' id='word_1_140' title='bbox 755 1616 829 1682; x_wconf 91' lang='lat' dir='ltr'><em>spe</em></span> <span class='ocrx_word' id='word_1_141' title='bbox 849 1621 1143 1681; x_wconf 81' lang='lat' dir='ltr'><em>praemiorum</em></span> <span class='ocrx_word' id='word_1_142' title='bbox 1161 1639 1326 1669; x_wconf 87' lang='lat' dir='ltr'><em>accen-</em></span> 
     </span>
     <span class='ocr_line' id='line_1_21' title="bbox 28 1689 1326 1755; baseline 0.001 -15"><span class='ocrx_word' id='word_1_143' title='bbox 28 1694 212 1740; x_wconf 59' lang='lat' dir='ltr'><em>dinUt</em></span> <span class='ocrx_word' id='word_1_144' title='bbox 244 1708 359 1739; x_wconf 89' lang='lat' dir='ltr'><em>vero</em></span> <span class='ocrx_word' id='word_1_145' title='bbox 394 1706 480 1752; x_wconf 91' lang='lat' dir='ltr'><em>pro</em></span> <span class='ocrx_word' id='word_1_146' title='bbox 526 1689 756 1738; x_wconf 90' lang='lat' dir='ltr'><em>concione</em></span> <span class='ocrx_word' id='word_1_147' title='bbox 788 1692 983 1754; x_wconf 87' lang='lat' dir='ltr'><em>praedam</em></span> <span class='ocrx_word' id='word_1_148' title='bbox 1021 1705 1163 1755; x_wconf 70' lang='lat' dir='ltr'><em>captae</em></span> <span class='ocrx_word' id='word_1_149' title='bbox 1198 1695 1326 1742; x_wconf 86' lang='lat' dir='ltr'><em>urbis</em></span> 
     </span>
     <span class='ocr_line' id='line_1_22' title="bbox 28 1764 1323 1828; baseline 0 -13"><span class='ocrx_word' id='word_1_150' title='bbox 28 1767 170 1815; x_wconf 82' lang='lat' dir='ltr'><em>edixit</em></span> <span class='ocrx_word' id='word_1_151' title='bbox 197 1765 392 1812; x_wconf 87' lang='lat' dir='ltr'><em>militum</em></span> <span class='ocrx_word' id='word_1_152' title='bbox 412 1764 512 1811; x_wconf 91' lang='lat' dir='ltr'><em>fore</em></span> <span class='ocrx_word' id='word_1_153' title='bbox 528 1801 546 1823; x_wconf 88' lang='lat'><em>,</em></span> <span class='ocrx_word' id='word_1_154' title='bbox 569 1765 684 1811; x_wconf 86' lang='lat' dir='ltr'><em>adeo</em></span> <span class='ocrx_word' id='word_1_155' title='bbox 714 1765 888 1812; x_wconf 77' lang='lat' dir='ltr'><em>accensi</em></span> <span class='ocrx_word' id='word_1_156' title='bbox 909 1782 1069 1814; x_wconf 85' lang='lat' dir='ltr'><em>omnes</em></span> <span class='ocrx_word' id='word_1_157' title='bbox 1100 1766 1230 1826; x_wconf 89' lang='lat' dir='ltr'><em>sunt,</em></span> <span class='ocrx_word' id='word_1_158' title='bbox 1248 1780 1323 1828; x_wconf 89' lang='lat' dir='ltr'><em>ut,</em></span> 
     </span>
     <span class='ocr_line' id='line_1_23' title="bbox 25 1836 1326 1902; baseline 0.001 -15"><span class='ocrx_word' id='word_1_159' title='bbox 25 1841 59 1887; x_wconf 89' lang='lat' dir='ltr'><em>s1</em></span> <span class='ocrx_word' id='word_1_160' title='bbox 77 1838 306 1901; x_wconf 86' lang='lat' dir='ltr'><em>extemplo</em></span> <span class='ocrx_word' id='word_1_161' title='bbox 326 1837 502 1902; x_wconf 88' lang='lat' dir='ltr'><em>fignum</em></span> <span class='ocrx_word' id='word_1_162' title='bbox 533 1836 687 1883; x_wconf 88' lang='lat' dir='ltr'><em>datum</em></span> <span class='ocrx_word' id='word_1_163' title='bbox 708 1837 838 1896; x_wconf 82' lang='lat' dir='ltr'><em>effet,</em></span> <span class='ocrx_word' id='word_1_164' title='bbox 877 1838 998 1886; x_wconf 82' lang='lat' dir='ltr'><em>nulla</em></span> <span class='ocrx_word' id='word_1_165' title='bbox 1023 1839 1071 1886; x_wconf 92' lang='lat' dir='ltr'><em>vi</em></span> <span class='ocrx_word' id='word_1_166' title='bbox 1097 1840 1231 1887; x_wconf 90' lang='lat' dir='ltr'><em>res1sti</em></span> <span class='ocrx_word' id='word_1_167' title='bbox 1250 1840 1326 1889; x_wconf 89' lang='lat' dir='ltr'><em>vi-</em></span> 
     </span>
     <span class='ocr_line' id='line_1_24' title="bbox 28 1910 1325 1976; baseline 0.002 -16"><span class='ocrx_word' id='word_1_168' title='bbox 28 1915 208 1960; x_wconf 88' lang='lat' dir='ltr'><em>deretur</em></span> <span class='ocrx_word' id='word_1_169' title='bbox 228 1910 366 1975; x_wconf 82' lang='lat' dir='ltr'><em>poffe.</em></span> <span class='ocrx_word' id='word_1_170' title='bbox 401 1910 638 1974; x_wconf 84' lang='lat' dir='ltr'><em>Saguntini</em></span> <span class='ocrx_word' id='word_1_171' title='bbox 666 1922 717 1958; x_wconf 87' lang='lat' dir='ltr'><em>ut</em></span> <span class='ocrx_word' id='word_1_172' title='bbox 749 1928 774 1957; x_wconf 87' lang='lat' dir='ltr'><em>a</em></span> <span class='ocrx_word' id='word_1_173' title='bbox 805 1912 981 1974; x_wconf 84' lang='lat' dir='ltr'><em>proeliis</em></span> <span class='ocrx_word' id='word_1_174' title='bbox 1011 1913 1209 1976; x_wconf 90' lang='lat' dir='ltr'><em>quietem</em></span> <span class='ocrx_word' id='word_1_175' title='bbox 1239 1915 1325 1962; x_wconf 86' lang='lat' dir='ltr'><em>ha-</em></span> 
     </span>
     <span class='ocr_line' id='line_1_25' title="bbox 29 1984 1324 2052; baseline 0.001 -17"><span class='ocrx_word' id='word_1_176' title='bbox 29 1989 246 2044; x_wconf 85' lang='lat' dir='ltr'><em>buerant,</em></span> <span class='ocrx_word' id='word_1_177' title='bbox 275 2002 361 2032; x_wconf 90' lang='lat' dir='ltr'><em>nec</em></span> <span class='ocrx_word' id='word_1_178' title='bbox 389 1984 676 2045; x_wconf 72' lang='lat' dir='ltr'><em>lacessentes,</em></span> <span class='ocrx_word' id='word_1_179' title='bbox 705 2002 790 2033; x_wconf 89' lang='lat' dir='ltr'><em>nec</em></span> <span class='ocrx_word' id='word_1_180' title='bbox 815 1986 997 2033; x_wconf 88' lang='lat' dir='ltr'><em>laceffiti</em></span> <span class='ocrx_word' id='word_1_181' title='bbox 1030 2004 1110 2050; x_wconf 92' lang='lat' dir='ltr'><em>per</em></span> <span class='ocrx_word' id='word_1_182' title='bbox 1146 1988 1324 2052; x_wconf 86' lang='lat' dir='ltr'><em>aliquot</em></span> 
     </span>
     <span class='ocr_line' id='line_1_26' title="bbox 27 2057 1324 2122; baseline 0.002 -15"><span class='ocrx_word' id='word_1_183' title='bbox 27 2062 151 2115; x_wconf 84' lang='lat' dir='ltr'><em>dies;</em></span> <span class='ocrx_word' id='word_1_184' title='bbox 186 2058 247 2105; x_wconf 89' lang='lat' dir='ltr'><em>ita</em></span> <span class='ocrx_word' id='word_1_185' title='bbox 275 2057 564 2115; x_wconf 72' lang='lat' dir='ltr'><em>non&#39;noCte,</em></span> <span class='ocrx_word' id='word_1_186' title='bbox 595 2074 692 2104; x_wconf 91' lang='lat' dir='ltr'><em>non</em></span> <span class='ocrx_word' id='word_1_187' title='bbox 722 2058 792 2104; x_wconf 91' lang='lat' dir='ltr'><em>die</em></span> <span class='ocrx_word' id='word_1_188' title='bbox 821 2076 1017 2122; x_wconf 84' lang='lat' dir='ltr'><em>unquam</em></span> <span class='ocrx_word' id='word_1_189' title='bbox 1049 2060 1324 2110; x_wconf 75' lang='lat' dir='ltr'><em>cessaverant</em></span> 
     </span>
     <span class='ocr_line' id='line_1_27' title="bbox 28 2131 1325 2198; baseline 0.001 -17"><span class='ocrx_word' id='word_1_190' title='bbox 28 2135 84 2181; x_wconf 90' lang='lat' dir='ltr'><em>ab</em></span> <span class='ocrx_word' id='word_1_191' title='bbox 106 2148 272 2195; x_wconf 86' lang='lat' dir='ltr'><em>opere,</em></span> <span class='ocrx_word' id='word_1_192' title='bbox 296 2142 347 2178; x_wconf 87' lang='lat' dir='ltr'><em>ut</em></span> <span class='ocrx_word' id='word_1_193' title='bbox 378 2147 557 2177; x_wconf 86' lang='lat' dir='ltr'><em>novum</em></span> <span class='ocrx_word' id='word_1_194' title='bbox 582 2147 758 2176; x_wconf 87' lang='lat' dir='ltr'><em>murum</em></span> <span class='ocrx_word' id='word_1_195' title='bbox 787 2131 843 2177; x_wconf 87' lang='lat' dir='ltr'><em>ab</em></span> <span class='ocrx_word' id='word_1_196' title='bbox 876 2148 923 2177; x_wconf 85' lang='lat' dir='ltr'><em>ea</em></span> <span class='ocrx_word' id='word_1_197' title='bbox 944 2143 1070 2194; x_wconf 85' lang='lat' dir='ltr'><em>parte</em></span> <span class='ocrx_word' id='word_1_198' title='bbox 1088 2169 1103 2189; x_wconf 88' lang='lat'><em>,</em></span> <span class='ocrx_word' id='word_1_199' title='bbox 1133 2149 1219 2195; x_wconf 89' lang='lat' dir='ltr'><em>qua</em></span> <span class='ocrx_word' id='word_1_200' title='bbox 1244 2152 1325 2198; x_wconf 87' lang='lat' dir='ltr'><em>pa-</em></span> 
     </span>
     <span class='ocr_line' id='line_1_28' title="bbox 28 2205 1321 2275; baseline 0.002 -20"><span class='ocrx_word' id='word_1_201' title='bbox 28 2207 239 2255; x_wconf 60' lang='lat' dir='ltr'><em>tefactum</em></span> <span class='ocrx_word' id='word_1_202' title='bbox 269 2206 487 2270; x_wconf 87' lang='lat' dir='ltr'><em>oppidum</em></span> <span class='ocrx_word' id='word_1_203' title='bbox 513 2205 654 2252; x_wconf 86' lang='lat' dir='ltr'><em>ruinis</em></span> <span class='ocrx_word' id='word_1_204' title='bbox 673 2218 766 2253; x_wconf 89' lang='lat' dir='ltr'><em>erat</em></span> <span class='ocrx_word' id='word_1_205' title='bbox 782 2242 795 2262; x_wconf 82' lang='lat'>‚</span> <span class='ocrx_word' id='word_1_206' title='bbox 814 2205 1062 2255; x_wconf 83' lang='lat' dir='ltr'><em>reficerent.</em></span> <span class='ocrx_word' id='word_1_207' title='bbox 1096 2209 1201 2256; x_wconf 87' lang='lat' dir='ltr'><em>Inde</em></span> <span class='ocrx_word' id='word_1_208' title='bbox 1229 2227 1321 2275; x_wconf 89' lang='lat' dir='ltr'><em>op-</em></span> 
     </span>
     <span class='ocr_line' id='line_1_29' title="bbox 29 2280 1323 2346; baseline 0.004 -17"><span class='ocrx_word' id='word_1_209' title='bbox 29 2281 251 2346; x_wconf 84' lang='lat' dir='ltr'><em>pugnatio</em></span> <span class='ocrx_word' id='word_1_210' title='bbox 268 2297 348 2328; x_wconf 85' lang='lat' dir='ltr'><em>eos</em></span> <span class='ocrx_word' id='word_1_211' title='bbox 367 2280 603 2345; x_wconf 86' lang='lat' dir='ltr'><em>aliquanto</em></span> <span class='ocrx_word' id='word_1_212' title='bbox 623 2281 852 2340; x_wconf 85' lang='lat' dir='ltr'><em>atrocior,</em></span> <span class='ocrx_word' id='word_1_213' title='bbox 880 2298 1010 2344; x_wconf 85' lang='lat' dir='ltr'><em>quam</em></span> <span class='ocrx_word' id='word_1_214' title='bbox 1037 2296 1140 2330; x_wconf 89' lang='lat' dir='ltr'><em>ante</em></span> <span class='ocrx_word' id='word_1_215' title='bbox 1154 2321 1169 2343; x_wconf 92' lang='lat'><em>,</em></span> <span class='ocrx_word' id='word_1_216' title='bbox 1189 2286 1323 2333; x_wconf 86' lang='lat' dir='ltr'><em>ador·</em></span> 
     </span>
     <span class='ocr_line' id='line_1_30' title="bbox 28 2355 1323 2426; baseline 0.005 -24"><span class='ocrx_word' id='word_1_217' title='bbox 28 2369 74 2403; x_wconf 88' lang='lat' dir='ltr'><em>ta</em></span> <span class='ocrx_word' id='word_1_218' title='bbox 92 2355 181 2402; x_wconf 87' lang='lat' dir='ltr'><em>est:</em></span> <span class='ocrx_word' id='word_1_219' title='bbox 207 2372 290 2402; x_wconf 90' lang='lat' dir='ltr'><em>nec</em></span> <span class='ocrx_word' id='word_1_220' title='bbox 306 2391 321 2414; x_wconf 93' lang='lat'><em>,</em></span> <span class='ocrx_word' id='word_1_221' title='bbox 345 2373 434 2419; x_wconf 87' lang='lat' dir='ltr'><em>qua</em></span> <span class='ocrx_word' id='word_1_222' title='bbox 465 2358 655 2419; x_wconf 88' lang='lat' dir='ltr'><em>primum</em></span> <span class='ocrx_word' id='word_1_223' title='bbox 681 2370 756 2403; x_wconf 85' lang='lat' dir='ltr'><em>aut</em></span> <span class='ocrx_word' id='word_1_224' title='bbox 785 2358 1060 2426; x_wconf 30' lang='lat' dir='ltr'><em>potiffismum</em></span> <span class='ocrx_word' id='word_1_225' title='bbox 1083 2373 1210 2423; x_wconf 83' lang='lat' dir='ltr'><em>parte</em></span> <span class='ocrx_word' id='word_1_226' title='bbox 1231 2362 1323 2409; x_wconf 88' lang='lat' dir='ltr'><em>fer-</em></span> 
     </span>
     <span class='ocr_line' id='line_1_31' title="bbox 29 2428 1321 2497; baseline 0.003 -21"><span class='ocrx_word' id='word_1_227' title='bbox 29 2440 131 2476; x_wconf 89' lang='lat' dir='ltr'><em>rent</em></span> <span class='ocrx_word' id='word_1_228' title='bbox 156 2445 292 2491; x_wconf 89' lang='lat' dir='ltr'><em>opem</em></span> <span class='ocrx_word' id='word_1_229' title='bbox 310 2465 326 2487; x_wconf 89' lang='lat'><em>,</em></span> <span class='ocrx_word' id='word_1_230' title='bbox 362 2428 498 2493; x_wconf 88' lang='lat' dir='ltr'><em>(cum</em></span> <span class='ocrx_word' id='word_1_231' title='bbox 518 2431 677 2477; x_wconf 80' lang='lat' dir='ltr'><em>omnia</em></span> <span class='ocrx_word' id='word_1_232' title='bbox 694 2431 830 2479; x_wconf 79' lang='lat' dir='ltr'><em>variis</em></span> <span class='ocrx_word' id='word_1_233' title='bbox 848 2429 1121 2480; x_wconf 75' lang='lat' dir='ltr'><em>clamoribus</em></span> <span class='ocrx_word' id='word_1_234' title='bbox 1152 2434 1321 2497; x_wconf 83' lang='lat' dir='ltr'><em>strepe-</em></span> 
     </span>
     <span class='ocr_line' id='line_1_32' title="bbox 29 2499 1321 2570; baseline 0.008 -26"><span class='ocrx_word' id='word_1_235' title='bbox 29 2499 165 2564; x_wconf 78' lang='lat' dir='ltr'><em>rent)</em></span> <span class='ocrx_word' id='word_1_236' title='bbox 197 2499 296 2546; x_wconf 77' lang='lat' dir='ltr'><em>satis</em></span> <span class='ocrx_word' id='word_1_237' title='bbox 324 2500 432 2548; x_wconf 83' lang='lat' dir='ltr'><em>scire</em></span> <span class='ocrx_word' id='word_1_238' title='bbox 450 2515 675 2564; x_wconf 88' lang='lat' dir='ltr'><em>poterant.</em></span> <span class='ocrx_word' id='word_1_239' title='bbox 715 2503 808 2570; x_wconf 78' lang='lat' dir='ltr'><em>Ipse</em></span> <span class='ocrx_word' id='word_1_240' title='bbox 836 2506 1085 2558; x_wconf 76' lang='lat' dir='ltr'><em>Hannibal,</em></span> <span class='ocrx_word' id='word_1_241' title='bbox 1115 2523 1205 2569; x_wconf 83' lang='lat' dir='ltr'><em>qua</em></span> <span class='ocrx_word' id='word_1_242' title='bbox 1226 2520 1321 2554; x_wconf 86' lang='lat' dir='ltr'><em>tur-</em></span> 
     </span>
    </p>

    <p class='ocr_par' dir='ltr' id='par_1_4' title="bbox 99 2579 1089 2627">
     <span class='ocr_line' id='line_1_33' title="bbox 99 2579 1089 2627; baseline 0.003 -5"><span class='ocrx_word' id='word_1_243' title='bbox 99 2579 149 2625; x_wconf 85' lang='lat' dir='ltr'><em>T.</em></span> <span class='ocrx_word' id='word_1_244' title='bbox 179 2579 272 2625; x_wconf 79' lang='lat' dir='ltr'><em>Liv.</em></span> <span class='ocrx_word' id='word_1_245' title='bbox 304 2581 401 2626; x_wconf 74' lang='lat' dir='ltr'><em>Vol.</em></span> <span class='ocrx_word' id='word_1_246' title='bbox 420 2583 509 2627; x_wconf 92' lang='lat' dir='ltr'><em>III.</em></span> <span class='ocrx_word' id='word_1_247' title='bbox 1057 2582 1089 2625; x_wconf 75' lang='grc' dir='ltr'><em>’.ζ</em></span> 
     </span>
    </p>
   </div>
  </div>
 </body>
</html>
