1701 3008
277 206 376 259 280
447 212 539 259 JO.
578 208 1075 257 FREINSHEMII
1108 210 1468 263 SUPPLEM.·

276 317 319 356 tii
336 330 449 369 quam
476 315 656 355 molestiae
679 314 977 364 discriminisque
998 314 1156 366 plenum
1179 318 1397 369 videretur,
1418 319 1565 362 aversa-

276 387 338 423 tus
353 410 364 428 ,
389 379 510 425 socios
534 377 683 416 navales
704 376 829 416 subito
846 377 885 415 in
902 376 1015 416 litore
1039 379 1189 430 coegit:
1218 381 1470 421 mercenarios
1494 396 1561 422 au-

277 449 355 481 tem
376 440 519 479 milites
534 453 630 479 voce
646 440 832 490 praeconis
847 441 887 478 in
906 440 1134 480 concionem
1155 443 1360 483 advocatos
1377 444 1481 484 brevi
1495 444 1562 485 sed

280 504 424 547 efficaci
443 504 614 542 oratione
639 503 812 553 monuit,
829 514 968 553 quanta
993 504 1076 555 spes
1099 505 1188 544 effet
1213 506 1393 557 proelium
1410 518 1563 558 promte

275 564 553 615 capessentibus
575 578 584 604 ε
624 575 811 615 quantuS,
839 565 863 603 fi
889 564 987 605 illud
1019 566 1264 618 refugissent,
1291 582 1338 608 ex
1362 568 1565 609 obsidione

275 638 414 665 metus,

327 685 441 726 XIX.
473 686 656 726 Alacriter
676 685 999 727 succlamantibus
1025 690 1206 730 omnibus
1223 721 1235 740 ,
1259 692 1453 733 Adherbal
1481 693 1563 733 col·

276 745 456 786 laudatos
485 759 600 785 naves
633 747 708 785 fine
734 760 838 785 mora
876 747 1132 788 conscendere
1163 749 1299 799 jubet,
1334 753 1564 802 praetoriam-

277 820 353 858 que
391 808 498 862 (hac
525 808 605 859 ipse
635 808 878 864 vehebatur)
913 810 1036 850 oculis
1061 814 1096 850 ἃ
1131 813 1292 863 remigio
1319 814 1438 865 sequi.
1469 817 1565 856 Haec

274 873 343 912 ubi
380 882 571 923 praecepta
608 873 741 922 dedit,
767 874 913 923 primus
951 873 1030 924 ipse
1065 873 1185 913 altum
1212 877 1332 925 petit,
1361 876 1430 916 sub
1463 877 1567 929 ipsas

277 936 410 985 portui
439 934 705 984 impendentes
737 943 862 985 petras
890 935 1080 985 egressus,
1106 948 1195 975 curn
1225 939 1363 977 eodem
1390 948 1565 990 tempore

279 1009 326 1035 ex
342 996 499 1035 adverso
524 996 644 1036 latere
669 997 855 1036 Romanae
882 1010 997 1036 naves
1021 1010 1175 1047 portum
1199 999 1391 1039 intrarent.
1415 1001 1453 1041 P.
1477 1001 1564 1041 Clo-

280 1058 364 1097 dius
379 1088 390 1106 ,
418 1070 498 1096 non
522 1059 579 1096 uti
605 1058 817 1108 speraverat
839 1057 971 1099 territo
1003 1057 1109 1098 hoste
1134 1059 1393 1113 proeliumque
1417 1063 1568 1103 detrec-

281 1128 387 1159 tante
402 1150 413 1167 ,
432 1120 496 1159 sed
523 1121 573 1160 ad
599 1120 858 1159 defensionem
887 1119 943 1160 sui
971 1121 1118 1161 strenue
1138 1123 1320 1163 converso
1335 1156 1346 1173 ‚
1367 1125 1567 1174 'perturba-

279 1191 342 1223 tus
368 1185 469 1235 ipse,
487 1197 605 1224 naves
623 1184 710 1224 suas
730 1196 891 1233 propere
913 1194 1091 1234 revocat,
1106 1187 1148 1225 in
1168 1196 1301 1238 aperto
1327 1189 1422 1228 mari
1450 1189 1568 1229 struc-

279 1255 386 1285 turus
416 1246 549 1285 aciem.
596 1246 671 1286 Sed
699 1243 773 1285 illae
808 1244 917 1284 nullo
949 1246 1105 1294 ordine,
1138 1258 1183 1285 ut
1215 1261 1449 1299 unaquaeque
1473 1263 1569 1301 prae-

282 1316 471 1355 currerat,
504 1306 588 1346 aliae
622 1306 720 1344 intra
753 1318 908 1355 portum
935 1307 1013 1355 jam
1043 1315 1359 1358 penetraverant,
1389 1309 1470 1349 aliae
1500 1324 1566 1361 pe-

281 1369 418 1408 tebant
443 1369 592 1408 aditum
612 1382 626 1416 ;
653 1367 823 1417 quaedam
847 1367 887 1405 in
902 1367 988 1417 ipfis
1008 1367 1186 1409 faucibus
1205 1369 1457 1410 versabantur.
1475 1372 1568 1411 inde

280 1432 428 1471 factum
446 1462 457 1480 ,
473 1439 518 1469 ut
548 1430 639 1470 dum
675 1441 816 1479 magno
842 1427 925 1469 nisu
948 1431 1187 1469 retrocedere
1217 1444 1349 1471 omnes
1375 1434 1537 1473 tendunt
1554 1464 1568 1484 ‚

283 1494 366 1534 215ae
399 1495 438 1532 in
471 1492 562 1532 alias
587 1493 820 1531 incurrentes
851 1492 1045 1530 turbarent
1069 1504 1228 1540 mutuo,
1250 1494 1449 1546 remosque
1472 1496 1568 1535 invi-

284 1569 370 1595 cem
401 1557 676 1605 detergerent,
718 1555 845 1594 donec
875 1565 922 1594 ut
945 1565 1155 1607 potuerunt
1190 1556 1351 1596 evolutae
1380 1566 1571 1608 portuque

282 1619 433 1670 egreffae
447 1650 458 1668 ,
478 1620 660 1670 quoniam
681 1618 843 1668 spatium
873 1620 1064 1670 temporis
1078 1620 1228 1659 nullum
1254 1621 1465 1671 supererat,
1480 1635 1572 1663 con-

285 1683 394 1721 tinuo
421 1685 530 1731 juxta
550 1683 637 1720 litus
661 1681 789 1732 ipsum
818 1682 858 1720 in
886 1684 1061 1723 ordinem
1094 1684 1187 1723 aciei
1213 1684 1401 1724 adstitere,

258 1746 261 1751 ”
297 1752 300 1754 ’
328 1746 421 1784 XX.
453 1746 537 1796 Ipse
559 1744 714 1792 consul,
733 1747 798 1795 qui
824 1746 927 1795 prius
955 1760 1092 1798 agmen
1131 1757 1331 1797 coegerat,
1362 1757 1445 1786 tum
1480 1760 1572 1787 con-

283 1808 389 1848 verso
428 1809 535 1848 cursu
573 1817 661 1847 ante
694 1821 827 1847 omnes
853 1811 1006 1848 evectus
1043 1809 1178 1848 finistro
1211 1809 1331 1848 classis
1362 1809 1435 1848 suae
1463 1808 1574 1849 lateri

284 1870 321 1909 se
346 1870 543 1920 applicuit.
580 1872 626 1910 At
653 1871 792 1909 Poenus
818 1871 961 1909 interea
988 1870 1125 1910 laevum
1153 1870 1295 1909 hostilis
1324 1872 1420 1909 aciei
1451 1882 1571 1910 cornu

284 1936 554 1983 praeterveetus
571 1963 582 1980 ,
610 1944 698 1971 cum
726 1931 887 1971 navibus
916 1932 1078 1972 rostratis
1104 1933 1295 1983 quinque,
1312 1942 1369 1971 tot
1389 1933 1491 1971 enim
1516 1932 1571 1971 se-

286 2005 374 2032 cum
404 1993 603 2041 habebat,
629 1994 814 2034 Romanis
850 1993 1048 2033 obvertere
1084 1995 1249 2033 frontem
1280 1995 1422 2044 coepit,
1449 1994 1570 2034 altum

285 2056 494 2106 patensque
536 2069 639 2095 mare
677 2070 698 2096 a
728 2066 834 2107 tergo
867 2056 1026 2095 habens.
1054 2057 1161 2096 fimul
1197 2056 1291 2095 alios
1325 2056 1500 2105 suorum,
1529 2066 1573 2096 ut

292 2116 450 2166 quisque
475 2118 704 2166 advenerat,
730 2119 938 2167 adjungere
966 2118 1002 2156 se
1035 2118 1128 2165 justo
1154 2116 1352 2156 intervallo
1383 2116 1572 2167 prioribus

295 2177 456 2218 navibus
490 2179 624 2228 jubet,
656 2182 691 2219 δε
722 2180 919 2230 postquam
960 2189 1094 2219 omnes
1130 2180 1264 2218 eadem
1301 2177 1392 2217 serie
1419 2179 1576 2218 directae¹

292 2239 378 2278 sunt
395 2271 406 2286 ‚
429 2240 582 2280 servatis
607 2242 805 2281 ordinibus
832 2242 870 2280 in
898 2241 1044 2281 hostem
1070 2251 1210 2281 movet.
1258 2241 1420 2290 Jamque
1448 2240 1570 2280 subla.-

291 2312 375 2341 turn
409 2305 587 2353 utrinque
607 2318 652 2343 ex
678 2307 850 2355 praetoria
879 2318 1015 2355 pugnae
1044 2305 1189 2355 signum
1224 2312 1324 2350 erat,
1347 2316 1435 2342 cum
1461 2304 1569 2343 omni

291 2377 338 2404 ex
368 2373 473 2414 parte
498 2367 635 2404 acriter
669 2368 905 2405 concurritur
921 2397 931 2413 ,
954 2366 1034 2417 pari
1060 2366 1183 2416 primo
1208 2365 1295 2415 spe,
1322 2365 1387 2404 sed
1410 2364 1571 2403 subinde

296 2423 454 2465 meliore
469 2426 835 2476 Carthaginienssum
853 2426 1016 2465 fortuna.
1046 2426 1275 2475 Quanquam
1293 2425 1395 2464 enim
1411 2437 1569 2466 numero

339 2532 362 2576 §
389 2533 513 2567 XVIII.
538 2532 658 2579 Polyb.
685 2545 697 2567 ι
712 2559 721 2575 ,
741 2532 786 2575 46
813 2533 846 2567 &
868 2544 923 2577 49.
942 2533 1044 2568 Diod.
1073 2542 1115 2576 24
1130 2559 1138 2575 ,
1156 2545 1187 2569 1.
