1701 3008
292 183 356 238 72⁹
654 164 1220 214 T1T1L1v11

290 278 407 324 ciam
443 276 593 341 copiae
628 275 758 331 satis,
796 275 846 322 δε
875 285 976 320 uter
1005 273 1062 320 ad
1099 283 1249 321 utrum
1280 272 1450 321 bellum
1486 272 1581 320 dux

286 350 486 396 idoneus
510 347 650 411 magis
677 346 812 403 effet3
845 347 901 394 ab
927 347 1080 394 Sutrio
1099 348 1148 394 ὅ(
1178 348 1353 411 Nepete
1382 349 1432 395 &
1462 334 1584 394 Fale-

290 422 371 469 :riis
401 421 565 484 legati,
594 420 824 479 aufifflres,
864 420 1057 468 concilia
1083 419 1276 466 Etruriae
1303 419 1584 483 populorum

287 497 344 543 de
362 494 555 557 petenda
580 511 691 557 pace
709 494 890 554 haberi,
917 506 1061 542 totam
1083 494 1191 541 belli
1208 494 1376 542 molem
1396 493 1442 539 in
1459 495 1583 541 Sam-

285 568 416 615 nium
441 578 721 615 averterunt.
756 567 952 615 profesti
986 567 1193 616 c‘onsules
1214 603 1228 626 ‚
1262 583 1359 631 quo
1394 566 1582 628 expedi-

289 641 430 688 tiores
467 653 748 689 commeatus
776 641 914 688 essent
932 677 946 700 ‚
975 643 1026 689 δε
1054 641 1273 689 incertior
1296 640 1460 699 hostis,
1494 657 1581 702 qua

291 726 534 763 venturum
560 715 730 762 bellum
760 714 879 766 foret
895 751 909 773 ,
940 715 1098 763 Fabius
1117 732 1197 778 per
1213 715 1432 761 Soranum
1448 750 1462 772 ,
1483 715 1584 761 De-

289 786 386 834 cius
420 802 501 849 per
535 786 785 834 Sidicinum
821 804 976 851 agrum
997 823 1013 845 ‚
1053 788 1100 834 in
1128 787 1355 834 Samnium
1383 787 1588 850 legiones

292 860 485 907 ducunt.
514 861 608 907 Ubi
640 861 689 907 in
715 860 915 908 hostium
939 859 1051 908 fines
1072 872 1261 908 ventum
1279 861 1368 919 est,
1397 872 1587 922 uterque

292 931 641 995 populabundus
670 932 808 979 effuso
840 932 1016 998 agmine
1038 933 1219 980 incedit.
1255 933 1497 996 explorant
1520 945 1586 981 ta-

291 1022 400 1052 men
429 1005 562 1052 latius
581 1041 596 1064 ,
628 1023 761 1069 quam
790 1007 1083 1070 populantur.
1109 1008 1246 1071 Igitur
1274 1025 1370 1056 non
1388 1006 1585 1054 fefellere

292 1078 350 1125 ad
365 1077 607 1126 Tifernum
631 1080 778 1126 hostes
801 1080 850 1126 in
868 1080 1048 1128 occulta
1069 1081 1185 1129 valle
1206 1080 1406 1128 instruffi
1419 1117 1433 1139 ‚
1449 1098 1586 1144 quam

295 1152 515 1216 ingreffos
548 1154 786 1201 Romanos
818 1153 1045 1217 superiore
1074 1172 1130 1201 ex
1163 1154 1274 1201 loco
1303 1155 1472 1202 adoriri
1504 1172 1587 1218 pa-

295 1227 469 1274 rabant.
504 1227 691 1286 Fabius,
727 1227 1060 1291 impedimentis
1084 1228 1131 1276 in
1155 1229 1307 1276 locum
1339 1241 1489 1276 tutum
1515 1246 1591 1277 re-

299 1299 468 1357 motis,
504 1300 802 1364 praefidioque
834 1301 1023 1350 modico
1057 1301 1307 1365 imposito,
1344 1302 1589 1365 praemoni-

297 1374 356 1419 tis
385 1372 601 1419 militibus
626 1372 768 1419 adeffe
791 1386 1047 1432 certamen,
1081 1375 1302 1438 quadrato
1330 1374 1508 1438 agmine
1534 1374 1589 1421 ad

299 1445 528 1509 praedifitas
550 1444 747 1492 hostium
770 1446 958 1494 latebras
993 1446 1202 1494 succedit.
1239 1447 1457 1493 Samnites
1472 1481 1486 1504 ‚
1507 1447 1589 1493 de-

301 1519 478 1582 sperato
508 1518 763 1581 improviso
784 1520 980 1567 tumultu
994 1556 1008 1579 ,
1029 1521 1216 1585 quando
1237 1519 1284 1566 in
1303 1531 1507 1582 apertum
1527 1519 1591 1566 se-

302 1594 393 1642 mel
423 1592 659 1640 discrimen
691 1594 879 1642 evasura
912 1595 1018 1642 effet
1050 1612 1149 1653 res,
1182 1595 1233 1642 &
1259 1594 1341 1657 ipsi
1363 1593 1457 1642 acie
1482 1593 1592 1655 justa

304 1668 559 1716 maluerunt
585 1684 873 1715 concurrere.
907 1667 1058 1731 itaque
1075 1668 1153 1716 &
1142 1684 1189 1714 ιη
1209 1685 1388 1731 aequum
1406 1667 1593 1715 descen-

303 1742 445 1798 dunt,
473 1757 526 1787 ac
556 1739 755 1787 fortunae
787 1740 863 1800 se,
897 1742 1069 1803 majore
1100 1741 1283 1801 anim0‚
1317 1759 1450 1805 quam
1485 1742 1595 1806 spe,

303 1824 613 1862 committunt.
640 1813 885 1872 Ceterum,
917 1813 1011 1861 five
1039 1813 1144 1877 quia
1171 1830 1228 1860 ex
1250 1814 1455 1861 omnium
1475 1816 1595 1863 Sam-

304 1885 469 1932 nitium
491 1884 702 1948 populis,
731 1887 1039 1950 quodcunque
1066 1886 1247 1934 roboris
1271 1887 1447 1948 fuerat,
1481 1906 1594 1937 con-

304 1971 561 2018 traxerant,
594 1958 668 2005 seu
706 1961 814 2024 quia
839 1959 1082 2007 discrimen
1116 1959 1299 2008 surnmae
1329 1979 1478 2008 rerum
1512 1982 1595 2010 au—

304 2033 437 2094 gebat
469 2032 646 2078 animos
668 2068 683 2091 ‚
722 2032 1003 2096 aliquantum
1038 2047 1190 2096 aperta
1224 2051 1410 2097 quoque
1442 2053 1595 2101 pugna

305 2105 593 2168 praebuerunt
631 2106 829 2154 terroris.
875 2107 1035 2154 Fabius
1056 2144 1070 2164 ‚
1105 2108 1184 2154 ubi
1222 2108 1342 2155 nulla
1377 2125 1434 2155 ex
1469 2124 1594 2173 parte

307 2177 481 2223 hostem
511 2177 620 2225 loco
648 2179 827 2227 moveri
850 2180 994 2239 vidit,
1022 2182 1086 2228 M.
1115 2181 1326 2228 Fulvium
1347 2184 1397 2229 &
1418 2183 1481 2228 M.
1499 2186 1592 2229 Va—

308 2249 491 2308 lerium,
515 2251 722 2298 tribunos
755 2253 972 2311 rnilitum,
996 2271 1100 2300 cum
1130 2255 1291 2316 quibus
1319 2256 1373 2301 ad
1404 2255 1593 2318 primam

307 2323 448 2370 aciem
485 2337 797 2385 procurrerat‚
840 2325 901 2371 ir'e
938 2326 993 2372 ad
1025 2328 1199 2389 equites
1239 2326 1395 2387 jubet,
1433 2331 1483 2376 &
1517 2330 1599 2374 ad-

305 2395 504 2451 hortari,
537 2413 583 2442 ιιι
601 2431 614 2453 ,
636 2397 686 2461 st
714 2402 881 2457 quando
907 2419 1090 2460 unquam
1115 2403 1277 2468 equestri
1307 2421 1380 2463 ope
1399 2403 1594 2461 adjutam

307 2470 601 2529 rempublicam
637 2473 896 2518 meminerim
914 2508 930 2528 ‚
953 2476 1028 2522 illo
1053 2476 1119 2519 die
1142 2478 1424 2533 annitamur,
1454 2492 1501 2521 ut
1529 2495 1596 2522 or·
