1701 3008
288 215 894 265 HISTORIARUM
940 212 1075 263 LIB.
1127 215 1189 263 Χ.
1334 227 1398 279 '25

94 326 252 390 justu,
274 329 472 395 postremo
488 328 655 387 finibus
678 325 911 391 expulistis.
951 327 1126 371 Vendite
1153 323 1232 391 ista
1246 359 1259 382 ,
1281 322 1324 370 G
1345 327 1403 370 il·-

84 450 87 451 γ
106 405 219 449 licite
240 406 352 447 lucro
372 417 657 456 mercatorem,
677 416 725 445 ut
738 400 943 460 sequatur
962 417 1123 461 agmen.
1162 417 1235 460 ego
1246 399 1403 459 ficbin-

106 481 156 525 de
162 479 387 539 suggeram
404 511 418 533 ,
442 494 527 537 quae
547 476 754 521 vendatis.
783 476 864 518 Ad
881 475 1130 519 Romuleam
1149 476 1285 519 urbem
1306 475 1408 518 lzinc

107 569 252 596 eamus
268 582 282 603 ‚
312 553 383 596 ubi
401 567 480 595 νος
508 550 628 593 labor
649 548 769 591 haud
782 545 950 603 major,
973 549 1119 606 praeda
1146 545 1285 603 major
1309 565 1405 590 ma-

106 641 190 670 net.
230 621 484 672 Divendita
516 619 697 683 praeda,
730 618 854 665 ultro
886 617 1174 665 adhortantes
1208 618 1405 682 impera-

107 709 259 744 torem
290 697 345 743 ad
364 694 637 741 Romuleam
658 706 869 757 pergunt.
895 690 961 738 Ibi
981 707 1166 755 quoque
1184 691 1275 738 fine
1295 707 1408 753 ope-

107 785 157 816 re
173 805 187 827 ‚
217 768 310 815 fine
340 766 602 824 tormentis,
625 766 755 812 simul
777 765 960 812 admota
980 763 1083 810 sunt
1109 763 1231 828 figna
1249 799 1263 821 ‚
1285 762 1411 809 nulla

110 842 161 891 vi
193 842 394 890 deterriti
424 859 450 887 a
481 840 649 899 muris,
682 855 770 904 qua
802 837 970 902 cuique
1000 836 1265 900 proximum
1293 835 1410 890 fuit,

109 916 238 964 scalis
266 915 432 978 raptim
459 913 655 961 admotis
672 949 686 972 ‚
720 913 768 960 in
795 912 968 959 moenia
1000 911 1197 960 evasere.
1229 920 1412 973 captum

111 989 334 1053 oppidum
353 1004 405 1035 ac
433 986 656 1050 direptum
677 985 763 1033 est:
790 985 847 1032 ad
873 985 965 1032 duo
991 983 1134 1032 millia
1163 985 1214 1031 δέ
1233 994 1413 1035 trecen-

111 1065 149 1112 ti
179 1061 343 1120 occis13
378 1065 427 1111 &
461 1060 537 1108 sex
569 1060 708 1108 millia
738 1060 978 1108 hominum
1014 1071 1171 1124 capta;
1198 1059 1250 1105 &
1286 1055 1415 1103 miles

112 1139 287 1204 ingenti
318 1137 470 1203 praeda
492 1137 694 1201 potitus:
725 1153 863 1202 quam
891 1136 1119 1195 vendere,
1151 1133 1264 1181 ficut
1287 1131 1415 1195 prio-

113 1231 211 1262 rem
230 1250 246 1274 ,
277 1213 488 1270 εοᾶᾶὶυς,
524 1212 817 1262 Eerentinum
839 1212 971 1269 inde,
1005 1225 1262 1275 quanquam
1297 1205 1417 1252 nihil

113 1288 280 1353 quietis
300 1287 514 1346 dabatur,
531 1299 678 1334 tamen
697 1285 869 1333 summa
889 1283 1117 1331 alacritate
1135 1281 1306 1327 dusius,
1328 1279 1418 1325 Ce-

116 1376 264 1410 terum
298 1361 362 1408 ibi
392 1360 493 1424 plus
532 1361 702 1409 laboris
727 1378 780 1409 ac
810 1357 1002 1423 periculi
1029 1356 1128 1404 fuit.
1160 1356 1210 1403 &
1239 1350 1419 1400 defensa

117 1434 288 1482 summa
316 1433 365 1481 vi
391 1433 564 1482 moenia
592 1434 695 1480 sunt
715 1468 729 1492 ,
762 1434 812 1480 δι
844 1431 972 1477 locus
1003 1440 1098 1477 erat
1130 1425 1417 1474 munimento

117 1519 370 1571 naturaque
394 1519 548 1554 tutus:
577 1506 651 1553 sed
674 1504 817 1553 evicit
843 1503 998 1550 onmia
1033 1501 1224 1548 affuetus
1255 1497 1420 1562 praedm

118 1581 262 1629 miles.
306 1581 362 1628 ad
393 1581 480 1628 tria
514 1580 656 1627 millia
689 1578 889 1626 hostium
925 1577 1048 1624 circa
1087 1589 1244 1621 muros
1281 1570 1418 1619 caesa:

119 1657 273 1721 praeda
294 1656 451 1704 militis
468 1655 568 1703 fuit.
597 1653 742 1718 Hujus
763 1663 1125 1716 oppugnatarum
1144 1646 1326 1695 urbium
1347 1645 1423 1691 de·

119 1731 244 1779 coris
273 1749 376 1795 pars
406 1730 555 1793 major
579 1730 627 1776 in
647 1727 911 1793 quibusdam
935 1724 1174 1772 annalibus
1199 1722 1256 1768 ad
1273 1719 1424 1766 Maxi-

120 1823 247 1853 mum
273 1806 480 1853 trahitur.
512 1802 824 1869 Murgantiam
848 1802 904 1849 ab
928 1799 1081 1848 Decio
1097 1833 1111 1858 ‚
1132 1814 1157 1844 a
1183 1794 1323 1843 Fabio
1342 1796 1425 1840 Fe-

122 1879 355 1926 rentinum
378 1878 743 1942 Romuleamque
763 1887 1047 1939 oppugnatas
1065 1870 1275 1918 tradunt:
1298 1866 1426 1924 sunt,

122 1952 205 2018 qui
221 1967 459 2001 novorum
485 1951 723 2001 consulum
744 1952 865 1998 hanc
889 1947 1082 2013 gloriam
1104 1943 1287 1991 faciant.
1308 1940 1426 2002 Qui-

125 2025 226 2071 dam
255 2042 353 2073 non
382 2025 620 2072 amborum
637 2061 653 2082 ‚
684 2023 759 2070 sed
789 2021 998 2079 alterius,
1025 2021 1074 2066 L.
1091 2014 1356 2065 Volumnii:
1385 2012 1428 2060 ei

125 2099 360 2147 Samnium
401 2097 688 2160 provinciam
713 2095 927 2144 evenisse.

193 2175 362 2222 XVIII.
391 2174 518 2221 Dum
548 2189 598 2219 ea
622 2172 668 2218 in
695 2170 881 2218 Samnio
899 2205 912 2227 ,
948 2165 1257 2229 cujuscunque
1292 2161 1427 2208 (luOcu

128 2246 449 2310 auspicioque,
479 2257 774 2310 gererentur3
808 2240 1029 2289 Romanis
1067 2239 1112 2285 in
1137 2235 1316 2284 Etruria
1341 2235 1429 2280 ite-

127 2337 230 2367 rum
262 2320 430 2366 bellum
465 2320 621 2382 ingens
653 2317 808 2364 multis
843 2333 900 2364 ex
936 2312 1143 2378 gentibus
1182 2310 1427 2362 conciam-3

131 2392 265 2454 cujus
298 2394 455 2439 auxilior
488 2392 666 2439 Gellius
697 2390 914 2453 Egnatius
944 2403 1000 2433 ex
1022 2384 1294 2432 Samnitibus
1321 2393 1429 2427 erat,

132 2465 271 2515 Tusci
310 2465 402 2513 fere
435 2482 595 2512 omnes
635 2463 954 2513 consciverant
991 2460 1194 2507 bellum:
1236 2463 1429 2502 traxerat

135 2539 352 2603 contagio
389 2539 628 2602 proximos
658 2536 859 2586 Umbriae
896 2533 1128 2599 populos:
1168 2531 1219 2577 &
1253 2526 1427 2574 Gallica
