1701 3008
297 199 382 247 IN
429 197 1190 246 LOC.LIB.XV1L1V.
1337 200 1428 265 189

133 319 272 357 genere
297 307 443 357 Gelon,
460 306 638 348 Hieronis
654 305 755 346 filius
769 337 781 355 ‚
801 306 1011 347 Nereidem
1027 306 1064 345 in
1085 306 1334 346 matrimonio
1359 307 1426 348 ha-

135 370 231 410 buit.
273 361 414 422 Pyrrho
446 382 495 409 ex
523 368 652 409 Sicilia
690 367 853 419 fugato,
886 380 976 407 cum
1008 368 1105 407 inter
1145 368 1427 419 Syracusanum

136 432 353 473 exercitum
377 434 414 473 δε
441 432 634 479 urbanos,
662 430 809 470 solenni
834 440 1054 482 temporum
1081 432 1237 471 istorum
1262 432 1426 481 morbo,

138 496 279 534 iterum
313 504 396 535 orta
420 495 511 534 ess'et
540 494 714 535 dissensio
731 525 741 543 ‚
766 496 807 533 in
838 495 963 533 castris
987 496 1086 534 circa
1109 495 1337 546 Merganam
1360 498 1428 536 Ar-

136 558 351 597 temidorus
371 561 409 598 &
431 559 550 598 Hiero
577 557 809 597 militaribus
830 557 1017 609 suffragiis
1039 559 1155 598 duces
1173 558 1316 607 creati,
1338 570 1432 598 con-

137 619 226 660 siliis
252 621 453 668 Hieronis,
481 622 517 660 &
546 619 760 658 amicorum
790 621 872 669 ejus
905 632 1048 670 opera,
1079 620 1178 659 clam
1208 620 1430 661 intromissis

140 682 330 721 militibus
358 681 494 721 urbem
529 681 567 719 in
594 681 822 733 potestatem
852 681 1090 731 redegerunt.
1134 681 1191 721 Ibi
1220 682 1339 722 Hiero
1365 695 1432 721 ex-

136 744 282 784 celsum
309 744 346 783 se
369 745 495 783 virum
523 745 559 783 Sc
589 744 877 793 quanticunque
908 742 1059 793 imperii
1088 756 1273 794 capacem
1308 744 1430 783 ostena

139 807 208 846 dit.
235 806 337 846 Nam
356 817 405 843 ex
429 803 583 844 diversis
609 803 780 854 partibus
802 803 949 843 occidit
972 812 1038 842 aut
1065 805 1181 852 ejecit
1203 805 1427 853 neminem;

137 869 206 908 sed
233 867 459 913 clementia,
488 866 774 915 moderamine,
794 865 980 916 reftisque
1006 865 1170 905 consiliis
1196 867 1248 905 ita
1271 879 1431 918 compo-

138 931 215 971 suit
232 939 360 971 motus
374 961 385 979 ,
402 939 446 969 ut
464 943 543 968 non
565 928 779 968 minoribus
803 928 932 967 studiis
956 941 1092 967 eorum
1104 959 1116 975 ,
1133 927 1311 968 adversus
1335 942 1430 979 quos

140 1003 316 1042 venerat,
342 1005 458 1043 quam
482 1005 504 1030 a
523 990 659 1043 quibus
688 991 877 1030 adductus
901 990 1052 1038 fuerat,
1075 998 1215 1040 praetor
1241 991 1432 1040 Syracusis

142 1067 344 1098 crearetur.

200 1121 305 1161 XIV.
329 1120 407 1160 Hic
422 1131 512 1159 vero
535 1117 758 1168 reipublicae
775 1129 906 1156 curam
928 1124 970 1155 ut
992 1115 1064 1156 sure
1082 1124 1163 1156 toto
1181 1117 1310 1156 animo
1328 1130 1433 1158 com-

143 1183 304 1234 plexus,
330 1194 420 1221 cum
451 1194 474 1220 a
497 1180 615 1231 longo
644 1182 723 1229 jam
759 1188 935 1229 tempore
960 1178 1096 1217 vitium
1120 1178 1218 1217 istud
1245 1179 1284 1217 in
1307 1179 1436 1219 Sicilia

142 1246 337 1286 inolevisse
372 1252 571 1291 cerneret,
598 1251 642 1282 ut
678 1242 827 1292 quoties
857 1240 1094 1291 magistratus
1126 1241 1254 1291 copias
1280 1241 1432 1282 eduxis-

142 1307 246 1357 sent,
266 1306 328 1347 vel
349 1307 390 1345 in
412 1305 585 1346 exercitu
609 1303 824 1343 turbaretur
847 1302 993 1352 aliquid
1008 1316 1018 1351 3
1035 1301 1096 1342 vel
1119 1303 1226 1342 domi
1247 1316 1436 1343 novarum

140 1385 268 1411 rerum
296 1378 424 1409 motus
447 1368 659 1408 orirentur:
697 1365 988 1416 circumspicere
1017 1364 1182 1416 aliquem
1206 1367 1342 1417 coepit,
1369 1366 1436 1406 cui

144 1446 204 1472 res
229 1432 396 1472 urbanas
422 1439 506 1470 tuto
533 1429 730 1477 crederet,
759 1428 784 1467 fi
810 1427 964 1478 quando
989 1426 1069 1478 ipse
1090 1428 1137 1466 ad
1163 1427 1309 1467 bellum
1330 1431 1434 1467 exire

145 1504 356 1547 cogeretur.
386 1495 559 1535 Uxorem
582 1492 699 1543 igitur
719 1491 834 1530 duxit
857 1490 975 1530 filiam
990 1489 1188 1540 Leptinis,
1207 1491 1272 1541 qui
1296 1504 1435 1541 magna

145 1560 244 1599 inter
263 1560 365 1597 cives
389 1557 639 1601 auctoritate,
658 1554 713 1593 vir
734 1554 851 1592 etiam
876 1552 1098 1603 cumprimis
1122 1551 1300 1591 honestus
1328 1552 1439 1592 fidei-

74 1641 86 1650 =
147 1633 224 1673 que
253 1629 369 1660 tenax
406 1617 630 1658 habebatur.
677 1616 735 1655 Ita
769 1615 924 1666 provisis
957 1613 1174 1654 domesticis
1208 1614 1344 1661 rebus,
1372 1615 1438 1654 ad-

145 1682 274 1725 versus
301 1681 624 1722 mercenariorum
652 1677 917 1726 insolentiam,
943 1676 1156 1716 remedium
1183 1676 1438 1716 necessarium

147 1745 269 1796 magis
284 1775 296 1791 ,
313 1758 427 1795 quam
452 1742 723 1795 usquequaque
739 1739 932 1780 laudabile
944 1770 958 1787 ‚
975 1747 1218 1778 commentus
1234 1739 1439 1794 est.fflam

148 1809 289 1848 educto
323 1817 456 1847 contra
491 1806 746 1847 Mamertinos
774 1804 971 1853 exercitu,
1002 1815 1091 1843 cum
1118 1802 1174 1842 illi
1201 1805 1310 1852 juxta
1341 1803 1439 1842 Cen-

150 1870 294 1919 turipas
323 1867 595 1915 occurrissent,
624 1868 746 1906 aciem
779 1865 828 1905 ad
865 1864 1141 1916 Cyamosorum
1176 1877 1329 1906 anmem
1361 1863 1439 1904 hoc

153 1931 247 1971 dolo
270 1931 466 1980 instruxit,
489 1940 533 1970 ut
553 1932 651 1970 inter
675 1931 775 1968 cives
804 1928 1133 1979 mercenariosque
1158 1927 1357 1968 intervallo
1385 1941 1440 1968 re-

157 1996 272 2043 licio,
297 1994 368 2034 hos
391 1995 632 2034 committere
660 1993 842 2045 proelium
865 1993 1039 2042 juberet,
1061 2000 1244 2042 tanquam
1259 1991 1337 2043 ipse
1351 2005 1442 2032 cum

154 2058 310 2098 urbanis
342 2057 456 2108 signis
489 2055 561 2095 alia
590 2067 697 2107 parte
731 2055 962 2106 impeditum
990 2056 1025 2094 Sc
1052 2053 1263 2094 districtum
1292 2053 1441 2093 hostem

157 2120 369 2162 invasurus.
409 2120 465 2159 lta
493 2119 722 2158 conductitii
754 2120 899 2168 majore
930 2118 1249 2158 Mamertinorum
1279 2130 1441 2156 numero

155 2181 407 2222 circumventi
426 2181 594 2220 cadunt:
621 2179 723 2230 ipse,
741 2181 834 2219 dum
851 2179 990 2219 horum
1013 2180 1117 2218 caede
1132 2179 1356 2218 distinentur
1373 2177 1442 2218 ho-

158 2243 230 2282 stes
246 2274 257 2291 ‚
289 2242 411 2282 otiose
437 2250 597 2292 tutoque
621 2239 869 2291 Syracusanas
894 2239 1023 2289 copias
1052 2240 1090 2277 in
1118 2238 1250 2277 urbem
1279 2239 1437 2278 reducit.

213 2306 300 2346 XV.
332 2305 389 2344 Ad
415 2303 520 2342 hunc
546 2304 706 2342 modum
733 2310 964 2353 repurgato,
988 2301 1175 2352 quidquid
1203 2302 1241 2339 in
1272 2301 1441 2340 exercitu

157 2382 299 2420 aegrum
315 2399 326 2417 ‚
349 2371 384 2409 ἃ
401 2369 448 2408 ad
473 2367 681 2407 seditiones
705 2380 870 2417 pronum
890 2366 1033 2414 fuerat,
1064 2365 1253 2404 urbanum
1278 2363 1443 2402 militem

159 2429 325 2471 studiose
350 2439 535 2470 exercet:
567 2443 684 2471 novas
711 2429 1033 2468 mercenariorum
1065 2427 1195 2478 copias
1229 2426 1441 2466 conducit:

210 2547 234 2592 §
264 2544 355 2581 xm,
380 2545 466 2580 Just.
483 2558 542 2592 23,
561 2559 595 2589 4.
619 2547 651 2581 δ(
672 2548 713 2580 28
729 2574 737 2589 ‚
757 2558 787 2591 3.
817 2545 1050 2581 Pausan.1.(·.
1076 2545 1194 2590 Polyb.
1220 2553 1232 2576 x
1249 2568 1257 2583 ,
1275 2543 1309 2577 8.
