1701 3008
299 195 384 242 IN
427 195 618 244 Loc.
669 160 1130 251 L113.x11,1v}
1298 221 1361 271 79

83 316 153 341 non
169 301 304 356 quidem
319 303 442 356 iniqua
455 335 466 354 ,
478 305 547 357 sed
559 317 671 344 tamen
689 306 923 361 intempestiva
930 311 1116 363 severitate
1133 312 1366 365 praecidimus.
1396 330 1429 358 s·-
1441 328 1453 363 ’ἱ

78 366 218 405 ΛῙιιίιὶε
238 367 342 406 initio
358 382 464 406 rerum
483 369 705 420 gerendarum
718 370 888 424 irnpegiffe
900 403 913 419 ,
933 374 983 411 ad
995 375 1215 427 prudentiam
1233 375 1268 412 δ’
1281 389 1364 414 cau-

77 430 202 468 tionem
211 430 364 484 profuit:
380 431 439 483 qui
451 431 573 468 erroris
586 432 777 479 admoniti,
795 435 976 473 mediocria
990 436 1083 488 saepe
1097 437 1228 474 damna
1245 438 1365 490 ingen-

81 493 111 530 ti
133 493 288 531 utilitate
307 495 527 532 redemerunt.

132 555 198 602 VI.
217 564 269 601 Et
281 563 410 617 nescio,
422 578 470 602 an
487 578 558 602 non
570 564 778 617 adfortunae
786 565 908 618 potius
927 565 1099 605 invidiam
1111 597 1122 615 ,
1138 582 1238 619 quam
1254 569 1361 607 homi-

76 624 134 663 nis
148 623 350 678 cujusquam
365 637 541 678 peccatum
554 625 669 678 referri
682 627 798 664 verius
810 628 860 677 fit
875 657 886 674 ‚
909 629 1000 680 quod
1014 627 1048 664 δ’
1064 629 1276 680 Reipublicae
1298 646 1364 669 no-

71 687 173 738 strie,
197 685 233 724 δ’
253 687 373 725 Fabiae
389 688 508 740 gentis
528 689 692 726 diuturna
712 688 878 740 filicitas
900 689 1060 727 mediocri
1083 691 1282 730 detrimento
1308 706 1365 731 ca-

72 747 208 800 stigata
233 749 305 801 est:
338 763 536 802 quanquam
561 751 801 789 benevolentia
825 752 938 804 magis
964 753 1033 790 haec
1060 753 1214 800 Deorum
1230 784 1240 802 ‚
1263 769 1365 806 quarn

76 810 224 851 invidia
249 813 409 850 vocanda
417 813 492 862 sit,
513 812 616 865 cujus
639 813 804 864 beneficio
829 815 996 865 adversus
1020 814 1232 852 exitiabilem
1245 818 1368 869 stiper-

80 873 194 920 biam,
218 887 291 925 quae
313 888 367 911 res
391 873 535 912 nimium
548 875 726 928 secundas
747 875 849 928 sequi
869 875 986 928 solet,
1011 889 1081 913 non
1107 887 1176 913 tam
1199 878 1368 931 damnosa

81 935 226 977 civitati
247 936 345 975 clade
358 966 368 984 ‚
396 951 498 989 quam
517 939 566 975 ad
583 939 822 976 documentum
849 937 999 992 ffcaci,
1020 939 1230 977 conditionis
1249 940 1370 979 huma-

82 1011 134 1037 nae
162 999 392 1038 admonemur.
430 999 617 1050 Quidquid
645 1000 685 1038 id
709 1001 778 1052 est,
811 1001 996 1052 Quirites,
1019 1001 1106 1046 milii
1136 1015 1221 1041 certe
1239 1004 1373 1056 finislri

81 1061 222 1113 aliquid
238 1062 467 1115 praesagiebat
489 1062 647 1110 animus,
675 1076 750 1101 cum
775 1063 831 1100 die
850 1064 1062 1101 comitiorum
1080 1064 1234 1116 fhllicite
1256 1066 1372 1119 vobisss

82 1134 158 1160 cum
180 1137 334 1174 agerem,
350 1138 392 1161 ne
406 1123 526 1174 filium
545 1138 652 1162 meum
675 1124 846 1177 consulem
857 1123 1040 1177 faceretis.
1090 1126 1175 1163 Cum
1199 1127 1287 1164 enim
1303 1143 1373 1180 pa-

84 1194 165 1222 trem
199 1197 328 1232 meum,
356 1199 485 1232 avum,
506 1199 705 1238 proavum,
735 1185 832 1225 alios
867 1185 1014 1239 majores
1047 1200 1139 1224 meos
1160 1187 1340 1240 saepiffime
1357 1220 1369 1239 ‚

84 1244 135 1281 ad
151 1244 219 1282 hac
233 1246 403 1298 meipsum
415 1247 595 1299 quinquies
615 1248 678 1286 hoc
696 1248 896 1300 magistratu
911 1248 1068 1298 func‘lum
1081 1248 1142 1299 effe
1162 1250 1370 1302 cogitarem,

82 1305 290 1358 incipiebam
310 1308 437 1356 vereri,
453 1320 492 1347 ut
513 1310 627 1347 eadem
643 1309 681 1346 in
691 1322 793 1362 gente
802 1311 957 1363 summos
978 1311 1123 1348 honores
1143 1312 1368 1363 continuari,

86 1366 145 1405 vel
166 1368 238 1405 Dii
251 1399 263 1416 ,
282 1369 342 1406 vel
363 1369 542 1418 homines,
556 1371 673 1410 animo
691 1372 788 1425 satis
807 1385 901 1424 aequo
921 1384 1131 1425 paterentur.
1162 1374 1281 1426 Atque
1301 1376 1372 1413 uti-

88 1443 169 1467 nam
198 1430 258 1467 vel
278 1431 338 1484 isto
369 1444 514 1486 tempore
529 1463 541 1481 ‚
561 1448 680 1486 preces
703 1447 781 1472 meae
806 1433 994 1485 valuzffent
1007 1449 1023 1481 ‚·
1043 1434 1102 1472 vel
1123 1436 1224 1472 vobis
1246 1437 1373 1487 benefi-

90 1490 180 1528 cium
202 1493 342 1544 vestrum
363 1495 451 1532 tueri
468 1496 642 1545 placeret,
662 1510 704 1533 ne
724 1496 817 1547 quod
837 1496 979 1534 honoris
1002 1496 1130 1548 caufiz,
1151 1510 1202 1535 me
1221 1500 1376 1551 recusim-

87 1563 142 1601 te‚
164 1554 330 1608 tribuistis
344 1556 428 1607 filio
443 1571 534 1605 meo,
552 1558 719 1596 inauditae
738 1559 900 1597 hactenus
921 1559 1120 1612 ignominiae
1142 1561 1271 1610 occasio
1291 1561 1375 1599 utri·

87 1628 152 1666 que
166 1615 267 1666 fieret
283 1632 295 1656 .·
319 1619 445 1671 vosque
473 1619 674 1657 temeritatis
697 1620 921 1672 argueremini
932 1637 948 1668 ‚·
978 1634 1065 1673 quos
1080 1650 1091 1669 ,
1108 1622 1146 1672 si
1160 1623 1307 1674 priorem
1333 1623 1375 1660 de

93 1680 143 1730 Q.
169 1680 280 1718 Fabio
299 1681 510 1734 sententiam
541 1683 615 1720 alio
638 1682 777 1736 judicio
807 1684 1005 1736 rescinditis
1024 1714 1036 1733 ,
1064 1696 1126 1723 aut
1158 1684 1281 1737 dediffe
1304 1686 1374 1723 im·-

87 1741 221 1793 perium
240 1743 318 1793 sine
341 1745 473 1797 causa,
495 1757 557 1783 aut
584 1744 761 1798 abrogaffi
784 1746 906 1799 posteri
929 1747 1076 1785 credent.

151 1818 233 1859 VII.
263 1821 319 1859 At
335 1823 374 1872 fi
389 1823 528 1862 mitiora
544 1823 784 1871 decreveritis,
813 1822 847 1861 δ’
869 1823 977 1875 vestra
992 1824 1094 1861 vobis
1115 1824 1302 1862 aut‘loritas
1314 1854 1324 1872 ‚
1340 1823 1375 1861 δ’

92 1881 213 1918 Fabiae
228 1883 344 1934 gentis
365 1885 571 1937 existimatio
588 1885 698 1938 salva
717 1886 802 1932 erit,
827 1899 978 1937 errorque
995 1885 1171 1938 juvenilis
1188 1915 1199 1933 ‚
1223 1886 1275 1924 uti
1301 1897 1376 1923 cum

93 1940 212 1992 aliquo
227 1939 420 1994 reipublicae
438 1946 565 1984 damno
578 1944 769 1997 commiffits
784 1946 827 1999 est
838 1975 849 1993 ‚
868 1946 918 1983 ita
944 1945 1073 1997 majore
1094 1959 1169 1983 cum
1193 1945 1270 1998 ejus
1289 1960 1378 1984 emo-

93 2000 243 2039 lumento
268 1998 512 2044 emendabitur.
546 2006 618 2043 Sed
641 2008 721 2058 quis
736 2007 905 2059 spondere
921 2006 984 2043 hoc
1007 2007 1131 2051 ausit?
1158 2007 1263 2058 Ego,
1286 2006 1377 2060 Qui-

95 2063 178 2101 rites
190 2094 204 2111 ,
220 2078 281 2117 ego
297 2080 364 2119 pro
382 2066 467 2117 filio
487 2082 558 2106 meo
571 2070 769 2122 sponsorem
786 2083 835 2106 me
850 2068 1062 2120 Reipublicae
1075 2068 1164 2106 dabo
1180 2082 1190 2107 .·
1211 2067 1246 2105 δ’
1257 2098 1268 2115 ‚
1286 2068 1381 2120 quod

96 2128 242 2166 Senatui
261 2130 466 2183 Populoque
486 2133 670 2179 Romano,
695 2133 816 2170 deinde
837 2133 953 2184 nostra:
966 2131 1080 2168 domui
1095 2130 1191 2183 filix
1206 2131 1377 2183 faustum-

96 2205 160 2242 que
176 2192 248 2241 fit,
274 2194 409 2246 consuli
430 2195 567 2247 legatus
596 2196 673 2245 ibo,
693 2196 868 2249 particeps
892 2196 1041 2247 futurus
1069 2195 1181 2232 omnis
1198 2194 1376 2246 fhmmae,

97 2266 199 2303 quam
225 2265 288 2291 aut
317 2255 472 2293 invenire
494 2255 637 2293 dabitur
654 2287 664 2301 ,
690 2267 752 2293 aut
767 2256 900 2307 facere.
938 2255 1040 2306 Viget
1062 2255 1176 2292 adhuc
1209 2254 1347 2291 animus
1361 2267 1377 2301 ;

98 2328 205 2366 neque
218 2344 229 2363 ,
242 2328 280 2354 ut
294 2317 331 2354 in
352 2318 416 2355 hac
431 2329 529 2356 oetatc
545 2348 555 2366 ‚
572 2318 695 2355 virium
720 2317 873 2368 corporis
888 2318 1029 2369 poenitct
1046 2329 1054 2355 ;
1079 2315 1210 2368 poffiim
1233 2316 1379 2368 perferre

102 2375 235 2414 militiae
255 2376 411 2431 labores,
427 2377 560 2432 poffiim
584 2380 623 2417 in
643 2380 717 2418 acie
733 2380 848 2432 stare,
869 2378 904 2417 6·
920 2409 932 2429 ,
948 2380 985 2430 si
999 2379 1092 2418 nihil
1107 2378 1232 2426 aliud,
1258 2390 1379 2415 memo-

146 2514 169 2557 §
198 2512 256 2548 Vl.
281 2511 475 2557 Polyaenus.
495 2514 571 2548 Val.
593 2513 686 2548 Max.
703 2525 724 2554 4
738 2540 745 2553 ,
771 2525 782 2547 1
802 2540 811 2554 ,
834 2523 887 2552 ¹5-
