1701 3008
322 208 403 254 IN
441 207 615 254 LOC.
665 208 793 255 LIB.
839 207 958 254 XII
997 209 1139 255 LIV.
1312 225 1402 271 107

168 314 322 355 XXIII.
360 315 443 361 Post
468 314 550 354 haee
576 313 768 353 delectum
801 315 1001 364 juniorum
1030 314 1159 355 severe
1187 316 1291 365 egit:
1320 329 1402 355 mo-

106 369 229 426 nitis,
257 390 300 417 ut
324 377 494 425 solebat,
518 376 836 427 conquilitoribus
858 375 956 425 suis,
975 380 1127 429 grande-s
1151 380 1312 431 eligerent
1327 409 1338 426 ,
1362 380 1404 432 se

114 453 174 477 eos
193 438 310 491 fimes
339 440 558 477 redditurum.
602 439 684 478 Hos
725 438 934 488 manipulis
966 438 1119 480 suorum
1158 442 1401 491 permixtos,

116 514 167 540 ne
196 501 346 541 seorsim
382 501 503 542 habiti
535 501 744 540 seditiones
785 503 1000 552 agitarent,
1027 504 1163 543 eadem
1198 504 1334 543 duritia
1365 505 1402 543 ἃ

117 560 318 600 severitate
344 560 554 612 disciplinae
578 563 779 611 exercuit3
801 563 939 614 capitis
963 576 1079 612 poena
1098 563 1404 614 infrequentibus

116 624 323 674 proposita.
356 625 435 673 Qui
457 636 546 673 vero
570 623 609 662 in
634 625 748 663 armis
768 638 847 663 non
865 624 1005 672 effent,
1031 639 1095 665 eos
1120 628 1307 674 majorem
1326 627 1403 665 diei

116 696 268 736 partem
300 686 342 724 in
376 685 462 723 foro
495 697 608 735 agere
635 685 773 734 coegit.
820 687 994 736 Quarum
1017 700 1141 726 rerum
1169 686 1372 726 insolentia
1390 719 1404 733 ,

117 746 298 789 homiues
337 748 436 786 inter
467 747 670 797 pudendas
714 747 872 786 delicias
909 750 990 787 nati
1020 750 1272 799 educatique,
1299 751 1401 789 miri-

117 810 192 850 fiee
217 810 479 863 angebantur,
504 812 708 863 servitutem
742 810 974 861 appellando
992 843 1002 860 ‚
1025 811 1051 850 si
1081 813 1202 863 perire
1228 812 1403 853 socordia

118 875 155 913 δε
186 872 338 912 luxuria
372 872 594 922 cupientes,
621 871 713 911 salvi
739 872 811 911 effe
840 885 1076 923 cogerentur.
1119 875 1313 915 Onerabat
1345 878 1400 915 in-

115 934 262 974 vidiam
297 933 505 974 satellitum
543 935 788 984 quorundam
812 936 1003 986 regiorum
1041 937 1285 987 intemperies
1303 969 1313 986 ,
1335 953 1397 989 qui

115 997 184 1036 suo
209 996 393 1036 arbitratu
420 995 585 1046 hospitia
612 996 839 1047 diligentes,
866 999 984 1037 etiam
1009 998 1135 1037 invitis
1158 1001 1194 1039 Sc
1218 1000 1403 1040 reluctan-

115 1060 220 1100 tibus
250 1060 419 1099 dominis
451 1059 728 1109 occupabant:
760 1060 918 1109 parique
952 1059 1093 1099 deinde
1119 1060 1276 1100 licentia
1305 1063 1405 1102 inter

116 1135 256 1162 uxores
290 1134 424 1161 eorum
458 1120 676 1172 liberosque
707 1120 961 1160 versabantur.
993 1121 1096 1172 Ergo*
1124 1123 1274 1162 fastidio
1303 1138 1403 1175 pra:-

116 1184 283 1224 sentium
309 1183 422 1223 multi
445 1182 577 1223 relit³ta
600 1182 696 1222 urbe
723 1183 763 1221 in
779 1196 888 1234 agros
911 1183 1170 1234 emigrabant:
1204 1185 1330 1225 donec
1363 1185 1403 1225 id

118 1260 271 1298 quoque
306 1245 438 1286 claufis
475 1247 597 1296 portis
629 1245 791 1296 appositi
825 1246 998 1285 custodes
1033 1247 1326 1297 prohibuerunt.

171 1324 320 1366 XXIV.
349 1324 454 1364 Tum
480 1336 573 1363 vero
600 1324 796 1363 Tarentini
823 1323 860 1362 se
885 1337 955 1374 pro
979 1325 1082 1363 socio
1112 1326 1315 1365 dominum
1341 1340 1404 1366 ac-

119 1384 258 1435 cepisse
284 1384 364 1424 sero
390 1383 676 1437 intelligentes,
699 1384 802 1434 quod
823 1397 943 1423 unum
969 1394 1169 1435 poterant,
1185 1400 1252 1437 per
1277 1388 1403 1438 indig-

118 1449 318 1488 nationem
343 1449 378 1488 ἂ
406 1446 558 1498 questus
584 1445 725 1486 sortem
748 1445 852 1485 suam
879 1447 1154 1487 miserabantur
1170 1481 1180 1497 ‚
1206 1450 1401 1501 aliquanto

118 1508 300 1557 liberius,
322 1508 392 1548 ubi
420 1521 487 1559 per
516 1507 684 1558 aliquam
714 1507 894 1547 idoneam
919 1508 1070 1548 causam
1101 1513 1401 1560 convenientes,

117 1580 256 1623 praeter
276 1571 408 1613 solitos
433 1571 552 1611 animi
575 1569 759 1619 affechm,
781 1568 897 1610 etiam
919 1573 1011 1611 vino
1039 1574 1291 1614 incaluissent.
1325 1576 1402 1615 Ne.-

118 1648 192 1686 que
215 1635 397 1682 deerant,
419 1635 486 1685 qui
509 1634 558 1673 ad
587 1632 774 1683 Pyrrhum
805 1633 1011 1675 referrent:
1043 1635 1281 1686 arceffitique
1309 1651 1402 1676 nrm-

116 1696 238 1747 nulli,
254 1697 359 1748 quod
383 1698 481 1736 inter
505 1695 721 1735 convivium
749 1708 885 1745 parum
911 1695 1125 1736 honorifice
1150 1697 1198 1736 de
1218 1698 1323 1748 Rege
1347 1698 1403 1737 lu-
1429 1738 1434 1743 ,

119 1762 199 1800 cuti
216 1761 288 1800 esse
309 1767 572 1812 arguerentur.
606 1758 681 1798 Sed
699 1757 836 1798 horum
858 1757 1014 1807 quidem
1039 1759 1256 1809 periculum
1282 1761 1407 1810 cujus-

119 1823 209 1862 dam
239 1824 339 1862 inter
361 1835 427 1862 eos
451 1820 610 1871 simplex
640 1822 674 1860 St
698 1821 894 1871 ingeniosa
921 1821 1103 1860 confessio
1132 1821 1324 1863 discuffit:
1353 1825 1403 1862 Et

119 1887 190 1924 haec
214 1885 396 1934 diximus,
427 1885 580 1934 inquit,
608 1883 643 1920 6·
671 1883 772 1936 longe
806 1885 973 1935 graviora
1002 1885 1124 1922 diffusi
1147 1884 1313 1936 fiamus,
1342 1885 1407 1936 nist

116 1947 237 1985 vinum
261 1947 441 1998 defecfft.
473 1945 530 1986 lbi
558 1945 717 1996 Pyrthus
737 1976 747 1993 ‚
775 1953 819 1984 ut
851 1947 917 1995 qui
946 1946 1025 1984 vini
1056 1959 1170 1998 quam
1198 1946 1404 1986 hominum

120 2021 207 2048 eam
230 2006 385 2057 culpam
413 2008 535 2046 videri
560 2007 716 2053 mallet,
738 2007 904 2045 arridens
931 2007 1071 2047 dimilit
1096 2020 1173 2047 eos,
1222 2008 1404 2048 Ceterum

123 2069 266 2110 diffisus
301 2070 481 2109 civitatis-
507 2068 678 2108 moribus
713 2067 950 2119 animisque,
979 2078 1023 2107 ut
1059 2082 1250 2120 quemque
1289 2070 1403 2120 pluri-

119 2144 227 2171 mum
248 2131 353 2182 apud
373 2130 602 2171 Tarentinos
635 2131 861 2170 auetoritate
894 2129 1129 2180 confilioquc
1154 2129 1300 2181 pollere
1326 2132 1404 2170 ani-

120 2192 403 2240 madverterat,
442 2191 558 2231 causis
594 2193 752 2244 repertis
789 2191 1001 2239 structisve,
1038 2192 1086 2230 ad
1122 2192 1245 2231 filiuni
1282 2192 1405 2231 Ptole-

119 2267 259 2295 maeum
291 2260 433 2306 (quern
467 2252 666 2292 discedens
702 2253 780 2304 ipse
815 2267 933 2302 regno
962 2254 1182 2305 praefecerat
1215 2267 1403 2292 annorum

121 2316 344 2366 quindecim
375 2315 692 2363 adolescentem)
732 2315 967 2366 ablegabat:
1002 2317 1094 2355 alios
1133 2329 1198 2365 per
1231 2315 1402 2354 occului<

119 2375 266 2416 infidias
297 2377 346 2415 de
373 2377 507 2416 medio
532 2377 714 2418 tollebat:
749 2386 882 2426 erant,
899 2388 994 2429 quos
1023 2377 1198 2418 affectata
1228 2378 1400 2417 humaui.

165 2522 188 2566 ,ξ
214 2519 340 2559 xxm.
362 2523 477 2560 Front.
498 2537 541 2571 4,
563 2537 592 2562 1.
614 2526 737 2561 Zonar.
767 2526 856 2562 Plut.
877 2525 1020 2569 Appiam.
1049 2524 1160 2560 Υαίςι.

374 2673 383 2688 ι’
