1701 3008
269 209 331 242 22
438 172 444 175 ’
618 188 843 237 τιτι
919 188 1235 236 ιινιῐΔ

211 336 216 339 -
270 303 425 351 minor
448 299 621 355 caedes,
653 314 787 362 quam
818 313 903 361 pro
934 308 1058 344 tanta
1093 295 1317 357 viam-ia,
1347 297 1450 348 suit.
1479 297 1569 348 tria

270 375 413 424 millia
440 377 488 422 &
514 371 831 437 quadringenti
858 370 957 419 caefi
973 406 988 429 ‚
1014 371 1132 434 capti
1150 370 1340 419 trecenti
1357 370 1497 418 ferme
1516 374 1568 420 &

268 446 511 509 tringinta:
538 444 658 508 figua
687 443 896 491 militaria
925 455 1056 507 capta
1073 443 1158 490 tria
1177 444 1226 491 &
1245 443 1429 507 viginti,

353 519 458 564 XV.
491 516 763 564 Samnitibus
798 516 939 579 Apuli
975 516 1019 565 se
1053 528 1156 563 ante
1194 517 1412 581 proelium
1450 533 1570 565 con-

266 589 542 656 junxiflent‚
570 590 617 636 ni
636 591 685 639 P.
703 590 879 638 Decius
899 588 1060 638 consul
1093 589 1147 639 iis
1180 591 1235 637 ad
1252 590 1570 639 Maleventum

268 664 412 712 castra
444 662 702 723 objecisset,
725 664 949 712 extraftos
969 663 1131 712 deinde
1163 665 1219 712 ad
1240 677 1468 712 certamen
1493 664 1572 714 fus

270 740 412 787 differ.
442 739 508 786 Ibi
531 755 719 804 quoque
738 740 837 803 plus
855 739 972 805 fugae
989 738 1101 797 fuit,
1129 756 1263 804 quam
1288 739 1434 786 caedis.
1471 740 1570 787 duo

273 814 419 863 millia
453 812 708 875 Apulorum
746 814 886 862 caesaz'
921 814 1162 880 spretoque
1194 831 1250 862 eo
1282 813 1435 872 hoste,
1467 814 1572 859 De·-

272 887 368 935 cius
405 887 450 933 in
476 888 704 935 Samnium
732 888 933 951 legiones
967 889 1112 936 duxit.
1139 887 1205 936 Ibi
1233 887 1325 934 duo
1361 885 1569 935 consula-

275 976 347 1007 res
368 961 592 1010 exercitus
607 998 621 1021 ‚
655 961 840 1010 diversis
869 964 1020 1027 vagati
1040 961 1241 1026 partibus
1258 996 1273 1020 ‚
1292 959 1448 1007 omnia
1469 958 1571 1022 spa-

277 1034 347 1081 tio
392 1036 601 1099 quinque
627 1036 844 1084 mensium
874 1036 1142 1086 evastarunt.
1176 1035 1489 1099 Quadraginta
1524 1036 1576 1082 δε

277 1110 483 1174 quinque
517 1112 621 1158 loca
657 1110 705 1158 in
739 1112 938 1160 Samnio
960 1111 1117 1166 fuet-e,
1153 1111 1201 1159 in
1234 1109 1396 1171 quibus
1435 1108 1574 1155 Decii

278 1184 414 1231 castra
448 1185 654 1234 fuerumt
688 1185 868 1234 alterius
902 1185 1097 1234 consulis
1130 1185 1206 1232 sex
1238 1187 1289 1234 &
1322 1183 1575 1247 06ioginta.

277 1275 365 1306 nec
397 1259 502 1306 valli
533 1271 706 1306 tantum
738 1277 789 1307 ac
821 1259 1036 1307 fossarum
1073 1259 1259 1323 vestigia
1284 1258 1469 1316 remla,
1499 1255 1576 1303 sed

280 1332 432 1378 multo
472 1332 559 1378 illis
590 1331 834 1396 insigniora
871 1343 1166 1379 monumenta
1201 1329 1418 1377 vastitatis
1455 1328 1577 1375 circa

279 1405 614 1468 regionumque
642 1405 1035 1468 depopulatarum.
1069 1404 1229 1451 Fabius
1256 1403 1390 1449 etiam
1417 1400 1578 1448 urbem

281 1478 531 1525 Cimetram
568 1480 701 1541 cepit.
739 1480 802 1526 ibi
837 1493 964 1543 capta
998 1492 1274 1527 armatorum
1313 1479 1406 1525 duo
1435 1477 1579 1524 millia

280 1551 625 1613 quadringenti:
652 1553 748 1598 caefi
776 1551 916 1599 ferme
935 1564 1184 1615 pugnantes
1205 1551 1259 1598 ad
1280 1549 1580 1614 quadringen-

283 1637 358 1671 tos
387 1624 584 1688 triginta.
623 1627 760 1684 Inde,
789 1625 1082 1672 comitiorum
1105 1624 1235 1673 causa
1254 1625 1446 1672 Romam
1471 1639 1584 1686 pro·-

286 1697 452 1756 fifius,
482 1698 734 1745 rnuturavit
763 1715 857 1745 eam
887 1716 980 1747 rem
1003 1717 1144 1764 agere.
1181 1716 1284 1746 cum
1314 1698 1464 1761 primo
1490 1711 1583 1743 vo-

286 1783 396 1819 catae
423 1773 483 1831 Q.
507 1772 690 1819 Fabium
725 1774 956 1821 consulem
990 1774 1191 1821 dicerent
1227 1788 1386 1819 omnes
1418 1783 1583 1818 centu-

285 1843 395 1898 riae,
423 1843 507 1904 Ap„
530 1842 748 1895 Claudius
773 1845 1024 1894 consularis
1054 1846 1340 1901 candidatus,
1376 1843 1451 1891 vir
1477 1858 1581 1891 acer

243 1961 247 1965 ,
287 1915 337 1960 ὅ(
359 1913 648 1973 ambitiosus,
682 1931 780 1962 non
811 1914 877 1962 sui
898 1911 1036 1980 magis
1058 1917 1251 1963 honoris
1271 1914 1427 1974 causa,
1444 1931 1583 1978 quam

289 1999 340 2033 ut
368 1987 542 2049 patricii
569 2001 888 2052 recuperarent
913 1990 1005 2037 duo
1028 1990 1276 2038 consularia
1308 1989 1408 2036 loca
1427 2024 1441 2047 ‚
1479 2004 1585 2035 cum

290 2060 406 2119 suis,
441 2074 538 2109 tum
569 2064 710 2112 totius
746 2063 998 2112 nobilitatis
1027 2064 1232 2119 viribus,
1261 2061 1497 2118 incubuit,
1531 2071 1585 2108 ut

291 2135 336 2181 fe
366 2153 468 2182 cum
489 2138 549 2195 Q.
572 2137 710 2184 Fabio
730 2138 962 2186 consulem
985 2138 1200 2198 dicerent.
1228 2136 1388 2182 Fabius
1405 2134 1584 2197 prim0,

294 2208 350 2254 de
378 2208 418 2254 se
445 2210 597 2256 ead-:vm
630 2210 752 2270 fere,
785 2229 886 2273 quae
910 2211 1062 2274 priore
1083 2226 1205 2258 anno
1222 2245 1236 2269 ,
1269 2208 1492 2265 dicendo,
1512 2207 1589 2253 ab·

295 2299 450 2330 nuere.
483 2283 770 2331 circumstare
804 2284 953 2332 sellam
984 2285 1134 2332 omnis
1163 2282 1400 2330 nobilitas:
1431 2297 1588 2340 orare,

295 2370 346 2401 ut
365 2374 418 2401 ex
443 2373 578 2402 coeno
606 2356 785 2420 plebeio
816 2357 1096 2406 consulatum
1127 2356 1409 2412 extraheret,
1445 2352 1587 2415 maje-

297 2428 543 2492 statemque
564 2428 792 2492 pristinam
814 2441 907 2475 tum
929 2429 1122 2486 honori,
1141 2441 1238 2474 tum
1260 2426 1457 2490 patriciis
1481 2442 1588 2488 gen-

299 2500 419 2549 tibus
449 2500 671 2551 redderet.
705 2501 891 2564 Fabius,
923 2502 1100 2551 silentio
1125 2500 1277 2561 faeie,
1305 2499 1455 2548 media
1480 2514 1588 2545 ora-
