1701 3008
291 193 353 255 96
393 189 514 239 ,JO.
555 187 1072 236 FREINSHEMII
1115 187 1483 238 SUPPLEM.

343 297 387 338 V.
411 296 489 338 Sub
514 295 553 335 id
573 302 749 345 tempus,
767 294 908 334 Senam
935 291 1130 333 coloniam
1156 291 1364 336 deduetam
1388 295 1462 336 effe
1482 309 1573 345 vero

289 359 446 412 propius
478 357 656 398 videtur:
695 368 770 406 quo
802 354 988 395 Romanis
1026 355 1198 396 universa
1232 355 1575 409 regionepotitiffi

236 461 239 464 ,
287 417 723 474 nomenSenonumdn
745 430 788 456 ea
814 426 920 468 parte
944 416 1062 457 Italiae
1090 417 1266 458 funditus
1288 419 1441 460 interiit.
1469 421 1577 461 Etn-

291 483 346 525 sci
370 492 501 521 tamen
523 481 684 531 Bojique
698 511 708 528 .,
725 481 905 531 sequente
934 480 1057 519 statim
1085 494 1186 520 anno
1201 510 1212 530 ‚
1236 494 1324 521 cum
1350 495 1396 521 ex
1418 483 1463 522 iis
1478 513 1490 531 ‚
1512 483 1577 533 qui

289 546 457 598 puberes
480 544 624 584 interea
649 543 740 583 faeti
764 544 937 590 fuerant,
957 545 1168 593 exereitum
1194 545 1486 596 suppleviffent‚
1509 546 1578 585 ite·

288 621 377 648 rum
402 607 596 646 fortunam
621 618 758 656 pugnae
787 612 934 644 tentare
961 604 1047 644 sunt
1073 606 1160 646 ausi.
1204 606 1307 647 Tum
1338 607 1452 658 igitur
1473 621 1494 647 a
1529 608 1580 658 Q,

290 668 447 712 AEmilio
472 668 574 718 Papo
599 667 721 706 vietos
754 665 865 706 fuiffe
895 667 1125 706 crediderim
1150 681 1159 708 :
1192 667 1307 718 hujus
1337 670 1440 708 enim
1469 671 1504 710 &
1528 670 1576 712 C.

290 731 456 776 fabricii
490 730 707 771 consulatus
740 731 886 781 primus
915 743 1003 770 eum
1032 731 1071 769 in
1098 744 1242 771 annum
1273 731 1433 781 incidit3
1460 733 1580 783 Papo-

288 810 368 848 que
384 795 619 847 provinciam
634 789 820 833 Etruriam
841 791 1034 832 obvenisse
1053 793 1209 833 constat.
1237 794 1311 834 Sed
1332 794 1370 832 in
1393 794 1578 846 plerisque

291 857 513 906 annalibus,
540 857 605 908 qui
639 854 768 895 adhuc
798 854 1004 906 leguntur,
1032 869 1159 895 rerum
1186 856 1338 896 istarum
1366 859 1576 905 memoria,

291 924 482 972 majorum
511 920 726 959 interventu
756 918 957 958 obliterata
987 918 1050 959 est.
1088 920 1207 970 Quod
1237 921 1338 959 enim
1366 928 1425 959 tot
1448 921 1579 959 conti·-

288 985 374 1025 nuis
401 983 507 1023 bellis
534 990 649 1033 atque
668 981 858 1029 victoriis,
887 979 1052 1020 maxima
1074 982 1222 1021 virtutis
1252 984 1288 1022 Sc
1314 983 1498 1033 potentiae
1520 982 1577 1021 in-

291 1054 487 1086 crementa
515 1045 713 1088 Romanus
742 1042 909 1094 populus
932 1043 1105 1092 quotidie
1134 1054 1310 1094 caperem
1341 1041 1515 1084 adduerae
1537 1045 1578 1083 in

292 1118 464 1156 metum,
480 1121 563 1157 quae
579 1106 709 1146 adhuc
726 1118 794 1157 per
814 1104 964 1146 Italiam
985 1100 1037 1145 sui
1059 1105 1150 1155 juris
1172 1116 1279 1145 erant
1296 1105 1466 1146 civitates
1489 1120 1579 1157 gene

289 1170 444 1221 tesque,
471 1169 684 1209 maximum
715 1176 829 1218 atque
857 1166 1212 1218 periculofiffimum
1250 1168 1465 1207 conflavere
1499 1166 1579 1207 bel-

286 1233 397 1274 lum:
426 1232 586 1283 junc‘tis‚
603 1240 786 1282 tanquam
810 1230 859 1270 ad
887 1242 1112 1270 communes
1135 1231 1310 1271 omnium
1332 1231 1454 1271 hostes
1478 1245 1578 1282 prae-

295 1297 491 1347 donesque
514 1294 816 1347 opprimendos,
844 1293 1008 1333 confiliis
1031 1295 1066 1334 Sc
1086 1293 1239 1335 viribus.
1278 1296 1412 1345 Neque
1438 1293 1581 1334 differri

290 1374 398 1400 :arma
419 1360 540 1400 visum
567 1358 643 1406 est,
670 1358 795 1397 donec
818 1357 948 1397 adhuc
976 1358 1159 1408 Bojorum
1180 1358 1501 1409 Etruscorumque
1521 1369 1581 1398 re«.-

290 1423 417 1475 iiquiae
449 1421 671 1462 distinendis
698 1422 964 1462 Romanorum
990 1422 1109 1472 copiis
1138 1422 1362 1462 sufficerent.

348 1488 411 1528 VI.
439 1487 553 1527 Primi
579 1487 791 1533 Samnites,
814 1485 934 1524 frat‘to
962 1481 1108 1524 rursum
1129 1482 1277 1525 foedere
1299 1499 1388 1527 cum
1412 1483 1574 1527 Lucanis

285 1549 519 1600 Bruttiisque
538 1547 665 1600 palam
692 1548 881 1588 sociantes
905 1547 1084 1598 consilia,
1109 1558 1375 1600 proruperunt.
1404 1551 1478 1591 Sed
1505 1549 1574 1592 hos

290 1614 334 1653 C.
364 1611 557 1653 Fabricius
583 1610 716 1651 consul
741 1609 1005 1661 compluribus
1030 1611 1173 1663 proeliis
1202 1612 1306 1652 vicit.
1346 1614 1430 1653 Uno
1456 1614 1576 1652 maxi-

290 1690 354 1716 me
384 1673 649 1723 memorabili,
684 1686 774 1714 cum
807 1674 1021 1715 Thurinum
1049 1675 1182 1715 urbem·
1212 1673 1350 1716 iterum
1376 1685 1574 1728 premente

265 1737 413 1781 'Statio
434 1737 581 1780 Statilio
595 1770 606 1787 ,
625 1738 737 1789 signis
762 1736 912 1777 collatis
929 1739 1153 1778 dimicatum
1174 1738 1249 1788 est3
1276 1740 1436 1790 fufisque
1465 1754 1575 1791 mag-

290 1814 341 1840 na
367 1813 454 1840 cum
483 1800 602 1850 strage
629 1797 819 1847 hostibus,
844 1797 921 1848 ipsa
949 1799 1063 1838 etiam
1090 1798 1206 1839 castra
1231 1808 1446 1850 expugnata
1476 1812 1572 1850 caps-

292 1872 419 1913 taque.
453 1860 653 1901 Memoriae
685 1860 883 1911 proditum
907 1859 981 1908 est,
1003 1873 1092 1900 cum
1120 1860 1267 1900 strenue
1291 1861 1408 1901 castra
1433 1861 1572 1900 defen·-

294 1926 496 1972 derentur,
524 1921 641 1962 scalas
677 1920 858 1961 afferente
885 1922 1053 1973 quodam
1081 1921 1172 1962 vasti
1207 1923 1376 1973 corporis
1406 1924 1572 1971 juvene,

292 1987 491 2028 Romanos
525 1985 740 2034 animatos,
764 1983 917 2036 plenam
947 1985 1145 2025 vittoriam
1174 1985 1427 2037 reportaviffe.
1471 1986 1571 2026 Caesa

296 2051 474 2090 dicuntur
496 2047 535 2086 in
557 2039 694 2098 proelio
721 2047 757 2087 &
787 2045 910 2086 castris
938 2045 1100 2087 hostium
1129 2048 1247 2088 millia
1267 2049 1426 2098 viginti:
1457 2048 1573 2099 quin-

292 2128 366 2165 que
392 2112 509 2152 millia
525 2143 536 2162 ‚
561 2125 648 2151 cum
677 2110 757 2162 ipso
778 2110 1025 2163 imperatore,
1059 2112 1242 2164 signisque
1264 2111 1490 2151 militaribus
1518 2112 1571 2151 vi-

295 2177 387 2228 ginti
414 2183 526 2224 capta
551 2173 647 2214 sunt.
675 2173 824 2213 Postero
847 2174 908 2213 die
929 2186 1016 2213 cum
1043 2174 1202 2229 donaret
1228 2187 1293 2212 eos
1310 2172 1570 2223 consul‚quo-

293 2250 376 2276 rum
402 2236 551 2287 inlignis
576 2248 689 2286 opera
712 2234 858 2283 fuerat,
878 2235 1109 2287 vallarcmque
1126 2249 1284 2272 coronam
1305 2235 1336 2272 ei
1353 2236 1393 2287 se
1412 2236 1570 2271 daturum

290 2298 464 2346 dixisset,
485 2299 543 2351 qui
563 2299 668 2350 casira
697 2298 839 2345 hostium
861 2299 993 2349 primus
1018 2296 1293 2349 trarrfcendiffi’t‚
1319 2297 1493 2345 quaesitus
1509 2296 1567 2335 in-

293 2362 394 2413 genti
413 2361 535 2400 studio
555 2359 711 2409 reperiri
730 2371 807 2397 non
828 2359 973 2408 potuit,
992 2358 1013 2396 si
1038 2358 1144 2395 miles
1168 2356 1303 2405 fuisset,
1323 2357 1423 2396 ultro
1447 2357 1483 2397 se
1500 2357 1567 2396 ob-

292 2422 435 2463 laturus
466 2422 556 2461 huic
587 2429 695 2460 tanto
727 2421 877 2460 honori.
924 2420 1121 2460 Creditum
1151 2421 1264 2470 igitur
1296 2419 1569 2471 vulgatumque

341 2516 364 2560 ᾗ
387 2517 431 2551 V.
454 2515 573 2559 Polyb.
592 2514 679 2549 Plin.
704 2525 741 2559 3,
763 2527 814 2556 15·
835 2514 979 2559 Dionys.
995 2528 1047 2559 ap.
1065 2515 1160 2548 Fuiv.
1185 2516 1292 2549 Uriin.
1311 2515 1384 2548 Liv.
1408 2517 1497 2560 Epit.
1516 2527 1566 2549 12.
