<?xml version="1.0" encoding="UTF-8"?>
<!DOCTYPE html PUBLIC "-//W3C//DTD XHTML 1.0 Transitional//EN"
    "http://www.w3.org/TR/xhtml1/DTD/xhtml1-transitional.dtd">
<html xmlns="http://www.w3.org/1999/xhtml" xml:lang="en" lang="en">
 <head>
  <title>
</title>
<meta http-equiv="Content-Type" content="text/html;charset=utf-8" />
  <meta name='ocr-system' content='tesseract 3.04.00' />
  <meta name='ocr-capabilities' content='ocr_page ocr_carea ocr_par ocr_line ocrx_word'/>
</head>
<body>
  <div class='ocr_page' id='page_1' title='image "./historiarumlibri03livyuoft_0353.png"; bbox 0 0 1701 3008; ppageno 0'>
   <div class='ocr_carea' id='block_1_1' title="bbox 277 198 1405 265">
    <p class='ocr_par' dir='ltr' id='par_1_1' title="bbox 277 198 1405 265">
     <span class='ocr_line' id='line_1_1' title="bbox 277 198 1405 265; baseline 0.003 -19"><span class='ocrx_word' id='word_1_1' title='bbox 277 198 842 248; x_wconf 70' lang='lat' dir='ltr'>HtsTofflARUM</span> <span class='ocrx_word' id='word_1_2' title='bbox 878 200 1202 250; x_wconf 80' lang='lat' dir='ltr'>L113.XX1</span> <span class='ocrx_word' id='word_1_3' title='bbox 1319 217 1405 265; x_wconf 75' lang='lat'>345</span> 
     </span>
    </p>
   </div>
   <div class='ocr_carea' id='block_1_2' title="bbox 98 307 1423 2577">
    <p class='ocr_par' dir='ltr' id='par_1_2' title="bbox 98 307 1423 2577">
     <span class='ocr_line' id='line_1_2' title="bbox 115 307 1413 373; baseline 0.002 -18"><span class='ocrx_word' id='word_1_4' title='bbox 115 325 205 373; x_wconf 84' lang='lat' dir='ltr'>que</span> <span class='ocrx_word' id='word_1_5' title='bbox 231 307 574 371; x_wconf 86' lang='lat' dir='ltr'>imperandum,</span> <span class='ocrx_word' id='word_1_6' title='bbox 603 308 798 356; x_wconf 77' lang='lat' dir='ltr'>habilius</span> <span class='ocrx_word' id='word_1_7' title='bbox 822 307 921 357; x_wconf 75' lang='lat' dir='ltr'>fuit.</span> <span class='ocrx_word' id='word_1_8' title='bbox 952 308 1105 373; x_wconf 87' lang='lat' dir='ltr'>itaque</span> <span class='ocrx_word' id='word_1_9' title='bbox 1134 309 1252 356; x_wconf 87' lang='lat' dir='ltr'>haud</span> <span class='ocrx_word' id='word_1_10' title='bbox 1279 308 1413 357; x_wconf 85' lang='lat' dir='ltr'>facile</span> 
     </span>
     <span class='ocr_line' id='line_1_3' title="bbox 116 380 1414 444; baseline 0.001 -17"><span class='ocrx_word' id='word_1_11' title='bbox 116 382 382 428; x_wconf 79' lang='lat' dir='ltr'><strong>decerneres</strong></span> <span class='ocrx_word' id='word_1_12' title='bbox 395 417 410 437; x_wconf 86' lang='lat'><strong><em>,</em></strong></span> <span class='ocrx_word' id='word_1_13' title='bbox 440 394 593 426; x_wconf 88' lang='lat' dir='ltr'>utrum</span> <span class='ocrx_word' id='word_1_14' title='bbox 612 380 904 444; x_wconf 84' lang='lat' dir='ltr'>imperatori,</span> <span class='ocrx_word' id='word_1_15' title='bbox 923 398 979 429; x_wconf 89' lang='lat' dir='ltr'>an</span> <span class='ocrx_word' id='word_1_16' title='bbox 998 381 1242 441; x_wconf 85' lang='lat' dir='ltr'>exercitui,</span> <span class='ocrx_word' id='word_1_17' title='bbox 1263 382 1414 429; x_wconf 87' lang='lat' dir='ltr'>carior</span> 
     </span>
     <span class='ocr_line' id='line_1_4' title="bbox 117 451 1413 519; baseline 0.001 -18"><span class='ocrx_word' id='word_1_18' title='bbox 117 453 246 501; x_wconf 78' lang='lat' dir='ltr'>esset:</span> <span class='ocrx_word' id='word_1_19' title='bbox 278 469 423 516; x_wconf 90' lang='lat' dir='ltr'>neque</span> <span class='ocrx_word' id='word_1_20' title='bbox 453 451 704 499; x_wconf 79' lang='lat' dir='ltr'>Hasdrubal</span> <span class='ocrx_word' id='word_1_21' title='bbox 738 453 874 500; x_wconf 87' lang='lat' dir='ltr'>alium</span> <span class='ocrx_word' id='word_1_22' title='bbox 900 471 1155 518; x_wconf 78' lang='lat' dir='ltr'>quenquam</span> <span class='ocrx_word' id='word_1_23' title='bbox 1186 453 1413 519; x_wconf 81' lang='lat' dir='ltr'>praeficere</span> 
     </span>
     <span class='ocr_line' id='line_1_5' title="bbox 116 523 1414 591; baseline 0.003 -20"><span class='ocrx_word' id='word_1_24' title='bbox 116 524 250 571; x_wconf 73' lang='lat' dir='ltr'>malle</span> <span class='ocrx_word' id='word_1_25' title='bbox 267 557 280 580; x_wconf 93' lang='lat'>‚</span> <span class='ocrx_word' id='word_1_26' title='bbox 310 524 389 570; x_wconf 90' lang='lat' dir='ltr'>ubi</span> <span class='ocrx_word' id='word_1_27' title='bbox 408 524 518 587; x_wconf 89' lang='lat' dir='ltr'>quid</span> <span class='ocrx_word' id='word_1_28' title='bbox 546 523 726 572; x_wconf 83' lang='lat' dir='ltr'>fortiter</span> <span class='ocrx_word' id='word_1_29' title='bbox 757 542 809 573; x_wconf 88' lang='lat' dir='ltr'>ac</span> <span class='ocrx_word' id='word_1_30' title='bbox 833 525 1007 573; x_wconf 87' lang='lat' dir='ltr'>strenue</span> <span class='ocrx_word' id='word_1_31' title='bbox 1033 528 1256 591; x_wconf 83' lang='lat' dir='ltr'>agendum</span> <span class='ocrx_word' id='word_1_32' title='bbox 1278 528 1414 576; x_wconf 70' lang='lat' dir='ltr'>ess&#39;et:</span> 
     </span>
     <span class='ocr_line' id='line_1_6' title="bbox 117 597 1414 661; baseline 0.004 -17"><span class='ocrx_word' id='word_1_33' title='bbox 117 615 266 661; x_wconf 89' lang='lat' dir='ltr'>neque</span> <span class='ocrx_word' id='word_1_34' title='bbox 295 597 458 645; x_wconf 84' lang='lat' dir='ltr'>milites</span> <span class='ocrx_word' id='word_1_35' title='bbox 488 597 579 643; x_wconf 91' lang='lat' dir='ltr'>alio</span> <span class='ocrx_word' id='word_1_36' title='bbox 601 598 714 644; x_wconf 87' lang='lat' dir='ltr'>duce</span> <span class='ocrx_word' id='word_1_37' title='bbox 739 598 839 661; x_wconf 85' lang='lat' dir='ltr'>plus</span> <span class='ocrx_word' id='word_1_38' title='bbox 861 597 1091 646; x_wconf 85' lang='lat' dir='ltr'>confidere</span> <span class='ocrx_word' id='word_1_39' title='bbox 1108 636 1121 658; x_wconf 84' lang='lat'>‚</span> <span class='ocrx_word' id='word_1_40' title='bbox 1140 613 1216 647; x_wconf 88' lang='lat' dir='ltr'>aut</span> <span class='ocrx_word' id='word_1_41' title='bbox 1235 601 1414 649; x_wconf 87' lang='lat' dir='ltr'>audere.</span> 
     </span>
     <span class='ocr_line' id='line_1_7' title="bbox 115 668 1414 736; baseline 0.004 -21"><span class='ocrx_word' id='word_1_42' title='bbox 115 668 365 715; x_wconf 84' lang='lat' dir='ltr'><strong>Plurimum</strong></span> <span class='ocrx_word' id='word_1_43' title='bbox 401 668 598 716; x_wconf 74' lang='lat' dir='ltr'>audaciae</span> <span class='ocrx_word' id='word_1_44' title='bbox 625 668 679 715; x_wconf 80' lang='lat' dir='ltr'>ad</span> <span class='ocrx_word' id='word_1_45' title='bbox 706 669 908 732; x_wconf 86' lang='lat' dir='ltr'>pericula</span> <span class='ocrx_word' id='word_1_46' title='bbox 945 671 1204 733; x_wconf 72' lang='lat' dir='ltr'>capessenda</span> <span class='ocrx_word' id='word_1_47' title='bbox 1223 708 1236 731; x_wconf 91' lang='lat'><strong><em>‚</em></strong></span> <span class='ocrx_word' id='word_1_48' title='bbox 1269 673 1414 736; x_wconf 86' lang='lat' dir='ltr'>pluri-</span> 
     </span>
     <span class='ocr_line' id='line_1_8' title="bbox 117 740 1418 804; baseline 0.004 -17"><span class='ocrx_word' id='word_1_49' title='bbox 117 758 243 788; x_wconf 87' lang='lat' dir='ltr'>mum</span> <span class='ocrx_word' id='word_1_50' title='bbox 275 740 451 789; x_wconf 79' lang='lat' dir='ltr'>consilii</span> <span class='ocrx_word' id='word_1_51' title='bbox 482 741 598 786; x_wconf 89' lang='lat' dir='ltr'>inter</span> <span class='ocrx_word' id='word_1_52' title='bbox 625 740 717 803; x_wconf 89' lang='lat' dir='ltr'>ipsa</span> <span class='ocrx_word' id='word_1_53' title='bbox 741 742 939 804; x_wconf 86' lang='lat' dir='ltr'>pericula</span> <span class='ocrx_word' id='word_1_54' title='bbox 968 758 1074 790; x_wconf 87' lang='lat' dir='ltr'>erat.</span> <span class='ocrx_word' id='word_1_55' title='bbox 1115 744 1243 791; x_wconf 92' lang='lat' dir='ltr'>nullo</span> <span class='ocrx_word' id='word_1_56' title='bbox 1265 745 1418 793; x_wconf 87' lang='lat' dir='ltr'>labore</span> 
     </span>
     <span class='ocr_line' id='line_1_9' title="bbox 118 812 1416 881; baseline 0.005 -19"><span class='ocrx_word' id='word_1_57' title='bbox 118 828 196 862; x_wconf 87' lang='lat' dir='ltr'>aut</span> <span class='ocrx_word' id='word_1_58' title='bbox 230 831 393 877; x_wconf 85' lang='lat' dir='ltr'>corpus</span> <span class='ocrx_word' id='word_1_59' title='bbox 417 812 625 877; x_wconf 69' lang='lat' dir='ltr'>fatigari,</span> <span class='ocrx_word' id='word_1_60' title='bbox 656 827 731 861; x_wconf 87' lang='lat' dir='ltr'>aut</span> <span class='ocrx_word' id='word_1_61' title='bbox 762 815 937 863; x_wconf 85' lang='lat' dir='ltr'>animus</span> <span class='ocrx_word' id='word_1_62' title='bbox 958 817 1083 864; x_wconf 84' lang='lat' dir='ltr'>vinci</span> <span class='ocrx_word' id='word_1_63' title='bbox 1105 832 1295 881; x_wconf 88' lang='lat' dir='ltr'>poterat.</span> <span class='ocrx_word' id='word_1_64' title='bbox 1330 822 1416 868; x_wconf 85' lang='lat' dir='ltr'>Ca-</span> 
     </span>
     <span class='ocr_line' id='line_1_10' title="bbox 116 886 1419 955; baseline 0.005 -21"><span class='ocrx_word' id='word_1_65' title='bbox 116 887 229 934; x_wconf 84' lang='lat' dir='ltr'>loris</span> <span class='ocrx_word' id='word_1_66' title='bbox 273 905 324 935; x_wconf 89' lang='lat' dir='ltr'>ac</span> <span class='ocrx_word' id='word_1_67' title='bbox 368 886 544 950; x_wconf 74' lang='lat' dir='ltr'>frigoris</span> <span class='ocrx_word' id='word_1_68' title='bbox 584 888 798 950; x_wconf 86' lang='lat' dir='ltr'>patientia</span> <span class='ocrx_word' id='word_1_69' title='bbox 832 906 952 952; x_wconf 88' lang='lat' dir='ltr'>par:</span> <span class='ocrx_word' id='word_1_70' title='bbox 1002 891 1091 938; x_wconf 87' lang='lat' dir='ltr'>cibi</span> <span class='ocrx_word' id='word_1_71' title='bbox 1126 892 1419 955; x_wconf 78' lang='lat' dir='ltr'>potionisque</span> 
     </span>
     <span class='ocr_line' id='line_1_11' title="bbox 117 960 1414 1025; baseline 0.005 -18"><span class='ocrx_word' id='word_1_72' title='bbox 117 960 336 1008; x_wconf 77' lang='lat' dir='ltr'>desiderio</span> <span class='ocrx_word' id='word_1_73' title='bbox 366 961 588 1019; x_wconf 80' lang='lat' dir='ltr'>naturali,</span> <span class='ocrx_word' id='word_1_74' title='bbox 619 977 715 1007; x_wconf 88' lang='lat' dir='ltr'>non</span> <span class='ocrx_word' id='word_1_75' title='bbox 747 962 1015 1025; x_wconf 62' lang='lat' dir='ltr'>voluptate3</span> <span class='ocrx_word' id='word_1_76' title='bbox 1036 965 1199 1013; x_wconf 88' lang='lat' dir='ltr'>modus</span> <span class='ocrx_word' id='word_1_77' title='bbox 1234 964 1414 1013; x_wconf 73' lang='lat' dir='ltr'>finitus:</span> 
     </span>
     <span class='ocr_line' id='line_1_12' title="bbox 119 1034 1418 1098; baseline 0.004 -15"><span class='ocrx_word' id='word_1_78' title='bbox 119 1035 376 1098; x_wconf 85' lang='lat' dir='ltr'>vigiliarum</span> <span class='ocrx_word' id='word_1_79' title='bbox 411 1034 649 1098; x_wconf 86' lang='lat' dir='ltr'>somnique</span> <span class='ocrx_word' id='word_1_80' title='bbox 681 1052 764 1083; x_wconf 91' lang='lat' dir='ltr'>nec</span> <span class='ocrx_word' id='word_1_81' title='bbox 794 1035 894 1094; x_wconf 88' lang='lat' dir='ltr'>die,</span> <span class='ocrx_word' id='word_1_82' title='bbox 928 1054 1011 1085; x_wconf 90' lang='lat' dir='ltr'>nec</span> <span class='ocrx_word' id='word_1_83' title='bbox 1039 1040 1172 1085; x_wconf 58' lang='lat' dir='ltr'>nocte</span> <span class='ocrx_word' id='word_1_84' title='bbox 1195 1039 1418 1088; x_wconf 87' lang='lat' dir='ltr'>discrimi-</span> 
     </span>
     <span class='ocr_line' id='line_1_13' title="bbox 117 1108 1416 1176; baseline 0.004 -20"><span class='ocrx_word' id='word_1_85' title='bbox 117 1124 219 1156; x_wconf 85' lang='lat' dir='ltr'>nata</span> <span class='ocrx_word' id='word_1_86' title='bbox 239 1122 459 1171; x_wconf 86' lang='lat' dir='ltr'>tempora.</span> <span class='ocrx_word' id='word_1_87' title='bbox 501 1108 572 1164; x_wconf 80' lang='lat' dir='ltr'>ld,</span> <span class='ocrx_word' id='word_1_88' title='bbox 601 1109 730 1171; x_wconf 87' lang='lat' dir='ltr'>quod</span> <span class='ocrx_word' id='word_1_89' title='bbox 755 1109 958 1173; x_wconf 81' lang='lat' dir='ltr'>gerendis</span> <span class='ocrx_word' id='word_1_90' title='bbox 985 1111 1116 1158; x_wconf 89' lang='lat' dir='ltr'>rebus</span> <span class='ocrx_word' id='word_1_91' title='bbox 1146 1111 1416 1176; x_wconf 71' lang='lat' dir='ltr'>superesset,</span> 
     </span>
     <span class='ocr_line' id='line_1_14' title="bbox 118 1182 1417 1250; baseline 0.005 -21"><span class='ocrx_word' id='word_1_92' title='bbox 118 1182 260 1247; x_wconf 86' lang='lat' dir='ltr'>quieti</span> <span class='ocrx_word' id='word_1_93' title='bbox 282 1182 464 1229; x_wconf 85' lang='lat' dir='ltr'>datum:</span> <span class='ocrx_word' id='word_1_94' title='bbox 502 1198 552 1228; x_wconf 88' lang='lat' dir='ltr'>ea</span> <span class='ocrx_word' id='word_1_95' title='bbox 581 1198 726 1245; x_wconf 88' lang='lat' dir='ltr'>neque</span> <span class='ocrx_word' id='word_1_96' title='bbox 756 1182 887 1229; x_wconf 90' lang='lat' dir='ltr'>molli</span> <span class='ocrx_word' id='word_1_97' title='bbox 914 1183 1052 1231; x_wconf 85' lang='lat' dir='ltr'>strato</span> <span class='ocrx_word' id='word_1_98' title='bbox 1069 1222 1082 1244; x_wconf 90' lang='lat'>,</span> <span class='ocrx_word' id='word_1_99' title='bbox 1113 1202 1259 1250; x_wconf 90' lang='lat' dir='ltr'>neque</span> <span class='ocrx_word' id='word_1_100' title='bbox 1285 1187 1417 1235; x_wconf 88' lang='lat' dir='ltr'>filen-</span> 
     </span>
     <span class='ocr_line' id='line_1_15' title="bbox 119 1255 1415 1324; baseline 0.003 -20"><span class='ocrx_word' id='word_1_101' title='bbox 119 1257 186 1304; x_wconf 91' lang='lat' dir='ltr'>tio</span> <span class='ocrx_word' id='word_1_102' title='bbox 217 1256 432 1304; x_wconf 80' lang='lat' dir='ltr'>arcessita.</span> <span class='ocrx_word' id='word_1_103' title='bbox 463 1256 603 1304; x_wconf 89' lang='lat' dir='ltr'>Multi</span> <span class='ocrx_word' id='word_1_104' title='bbox 625 1255 750 1320; x_wconf 80' lang='lat' dir='ltr'>saepe</span> <span class='ocrx_word' id='word_1_105' title='bbox 770 1256 951 1303; x_wconf 88' lang='lat' dir='ltr'>militari</span> <span class='ocrx_word' id='word_1_106' title='bbox 988 1257 1141 1322; x_wconf 84' lang='lat' dir='ltr'>sagulo</span> <span class='ocrx_word' id='word_1_107' title='bbox 1172 1273 1379 1324; x_wconf 82' lang='lat' dir='ltr'>opertum</span> <span class='ocrx_word' id='word_1_108' title='bbox 1399 1296 1415 1321; x_wconf 87' lang='lat'>‚</span> 
     </span>
     <span class='ocr_line' id='line_1_16' title="bbox 120 1330 1416 1398; baseline 0.002 -20"><span class='ocrx_word' id='word_1_109' title='bbox 120 1331 248 1378; x_wconf 88' lang='lat' dir='ltr'>humi</span> <span class='ocrx_word' id='word_1_110' title='bbox 281 1330 503 1394; x_wconf 87' lang='lat' dir='ltr'>jacentem</span> <span class='ocrx_word' id='word_1_111' title='bbox 541 1330 657 1378; x_wconf 85' lang='lat' dir='ltr'>inter</span> <span class='ocrx_word' id='word_1_112' title='bbox 692 1331 916 1379; x_wconf 86' lang='lat' dir='ltr'>custodias</span> <span class='ocrx_word' id='word_1_113' title='bbox 950 1332 1253 1398; x_wconf 87' lang='lat' dir='ltr'>stationesque</span> <span class='ocrx_word' id='word_1_114' title='bbox 1292 1334 1416 1381; x_wconf 87' lang='lat' dir='ltr'>mili-</span> 
     </span>
     <span class='ocr_line' id='line_1_17' title="bbox 117 1403 1418 1472; baseline 0.006 -21"><span class='ocrx_word' id='word_1_115' title='bbox 117 1416 243 1463; x_wconf 81' lang='lat' dir='ltr'>tum,</span> <span class='ocrx_word' id='word_1_116' title='bbox 282 1403 632 1466; x_wconf 83' lang='lat' dir='ltr'>conspexerunt.</span> <span class='ocrx_word' id='word_1_117' title='bbox 671 1404 868 1452; x_wconf 86' lang='lat' dir='ltr'>Vestitus</span> <span class='ocrx_word' id='word_1_118' title='bbox 904 1405 1021 1453; x_wconf 87' lang='lat' dir='ltr'>nihil</span> <span class='ocrx_word' id='word_1_119' title='bbox 1055 1407 1174 1455; x_wconf 90' lang='lat' dir='ltr'>inter</span> <span class='ocrx_word' id='word_1_120' title='bbox 1208 1411 1418 1472; x_wconf 81' lang='lat' dir='ltr'>aequales</span> 
     </span>
     <span class='ocr_line' id='line_1_18' title="bbox 118 1479 1417 1548; baseline 0.005 -23"><span class='ocrx_word' id='word_1_121' title='bbox 118 1479 345 1526; x_wconf 81' lang='lat' dir='ltr'>excellens</span> <span class='ocrx_word' id='word_1_122' title='bbox 366 1498 376 1526; x_wconf 74' lang='grc' dir='ltr'>ε</span> <span class='ocrx_word' id='word_1_123' title='bbox 403 1496 527 1526; x_wconf 88' lang='lat' dir='ltr'>arma</span> <span class='ocrx_word' id='word_1_124' title='bbox 548 1491 680 1542; x_wconf 85' lang='lat' dir='ltr'>atque</span> <span class='ocrx_word' id='word_1_125' title='bbox 698 1479 804 1542; x_wconf 89' lang='lat' dir='ltr'>equi</span> <span class='ocrx_word' id='word_1_126' title='bbox 825 1479 1237 1543; x_wconf 83' lang='lat' dir='ltr'>conspiciebantur.</span> <span class='ocrx_word' id='word_1_127' title='bbox 1274 1485 1417 1548; x_wconf 89' lang='lat' dir='ltr'>Equi-</span> 
     </span>
     <span class='ocr_line' id='line_1_19' title="bbox 118 1551 1418 1621; baseline 0.005 -23"><span class='ocrx_word' id='word_1_128' title='bbox 118 1563 217 1598; x_wconf 91' lang='lat' dir='ltr'>tum</span> <span class='ocrx_word' id='word_1_129' title='bbox 250 1551 543 1614; x_wconf 86' lang='lat' dir='ltr'>peditumque</span> <span class='ocrx_word' id='word_1_130' title='bbox 571 1551 691 1597; x_wconf 89' lang='lat' dir='ltr'>idem</span> <span class='ocrx_word' id='word_1_131' title='bbox 715 1551 851 1616; x_wconf 85' lang='lat' dir='ltr'>longe</span> <span class='ocrx_word' id='word_1_132' title='bbox 873 1553 1043 1616; x_wconf 86' lang='lat' dir='ltr'>primus</span> <span class='ocrx_word' id='word_1_133' title='bbox 1069 1568 1176 1603; x_wconf 90' lang='lat' dir='ltr'>erat.</span> <span class='ocrx_word' id='word_1_134' title='bbox 1211 1556 1418 1621; x_wconf 85' lang='lat' dir='ltr'>princeps</span> 
     </span>
     <span class='ocr_line' id='line_1_20' title="bbox 120 1623 1418 1691; baseline 0.007 -22"><span class='ocrx_word' id='word_1_135' title='bbox 120 1623 166 1670; x_wconf 87' lang='lat' dir='ltr'>in</span> <span class='ocrx_word' id='word_1_136' title='bbox 201 1624 417 1686; x_wconf 88' lang='lat' dir='ltr'>proelium</span> <span class='ocrx_word' id='word_1_137' title='bbox 455 1624 580 1680; x_wconf 86' lang='lat' dir='ltr'>ibat;</span> <span class='ocrx_word' id='word_1_138' title='bbox 618 1624 799 1672; x_wconf 86' lang='lat' dir='ltr'>ultimus</span> <span class='ocrx_word' id='word_1_139' title='bbox 833 1625 1046 1674; x_wconf 88' lang='lat' dir='ltr'>conserto</span> <span class='ocrx_word' id='word_1_140' title='bbox 1081 1629 1250 1691; x_wconf 83' lang='lat' dir='ltr'>proelio</span> <span class='ocrx_word' id='word_1_141' title='bbox 1283 1647 1418 1678; x_wconf 78' lang='lat' dir='ltr'>exce·</span> 
     </span>
     <span class='ocr_line' id='line_1_21' title="bbox 122 1698 1417 1768; baseline 0.006 -24"><span class='ocrx_word' id='word_1_142' title='bbox 122 1698 266 1746; x_wconf 89' lang='lat' dir='ltr'>debat.</span> <span class='ocrx_word' id='word_1_143' title='bbox 298 1700 386 1746; x_wconf 85' lang='lat' dir='ltr'>Has</span> <span class='ocrx_word' id='word_1_144' title='bbox 407 1716 552 1748; x_wconf 87' lang='lat' dir='ltr'>tantas</span> <span class='ocrx_word' id='word_1_145' title='bbox 575 1700 663 1748; x_wconf 76' lang='lat' dir='ltr'>viri</span> <span class='ocrx_word' id='word_1_146' title='bbox 686 1700 879 1748; x_wconf 84' lang='lat' dir='ltr'>virtutes</span> <span class='ocrx_word' id='word_1_147' title='bbox 903 1701 1102 1766; x_wconf 80' lang='lat' dir='ltr'>ingentia</span> <span class='ocrx_word' id='word_1_148' title='bbox 1129 1704 1243 1751; x_wconf 86' lang='lat' dir='ltr'>vitia</span> <span class='ocrx_word' id='word_1_149' title='bbox 1265 1722 1417 1768; x_wconf 85' lang='lat' dir='ltr'>aequa-</span> 
     </span>
     <span class='ocr_line' id='line_1_22' title="bbox 120 1771 1415 1839; baseline 0.003 -20"><span class='ocrx_word' id='word_1_150' title='bbox 120 1771 262 1827; x_wconf 81' lang='lat' dir='ltr'>bant3</span> <span class='ocrx_word' id='word_1_151' title='bbox 295 1771 537 1819; x_wconf 86' lang='lat' dir='ltr'>inhumana</span> <span class='ocrx_word' id='word_1_152' title='bbox 556 1773 817 1830; x_wconf 79' lang='lat' dir='ltr'>crudelitas,</span> <span class='ocrx_word' id='word_1_153' title='bbox 838 1773 1026 1837; x_wconf 86' lang='lat' dir='ltr'>perfidia</span> <span class='ocrx_word' id='word_1_154' title='bbox 1053 1775 1154 1838; x_wconf 85' lang='lat' dir='ltr'>plus</span> <span class='ocrx_word' id='word_1_155' title='bbox 1176 1793 1308 1839; x_wconf 87' lang='lat' dir='ltr'>quam</span> <span class='ocrx_word' id='word_1_156' title='bbox 1332 1778 1415 1824; x_wconf 89' lang='lat' dir='ltr'>Pu-</span> 
     </span>
     <span class='ocr_line' id='line_1_23' title="bbox 122 1844 1417 1906; baseline 0.004 -16"><span class='ocrx_word' id='word_1_157' title='bbox 122 1844 225 1891; x_wconf 89' lang='lat' dir='ltr'>nica</span> <span class='ocrx_word' id='word_1_158' title='bbox 243 1881 257 1900; x_wconf 93' lang='lat'><em>,</em></span> <span class='ocrx_word' id='word_1_159' title='bbox 280 1844 396 1891; x_wconf 86' lang='lat' dir='ltr'>nihil</span> <span class='ocrx_word' id='word_1_160' title='bbox 422 1846 553 1903; x_wconf 83' lang='lat' dir='ltr'>veri,</span> <span class='ocrx_word' id='word_1_161' title='bbox 574 1847 685 1893; x_wconf 86' lang='lat' dir='ltr'>nihil</span> <span class='ocrx_word' id='word_1_162' title='bbox 704 1846 840 1894; x_wconf 59' lang='lat' dir='ltr'>sancti</span> <span class='ocrx_word' id='word_1_163' title='bbox 856 1882 870 1906; x_wconf 86' lang='lat'>‚</span> <span class='ocrx_word' id='word_1_164' title='bbox 892 1847 1041 1894; x_wconf 88' lang='lat' dir='ltr'>nullus</span> <span class='ocrx_word' id='word_1_165' title='bbox 1058 1848 1214 1895; x_wconf 67' lang='lat' dir='ltr'>Deum</span> <span class='ocrx_word' id='word_1_166' title='bbox 1241 1860 1385 1896; x_wconf 86' lang='lat' dir='ltr'>metus</span> <span class='ocrx_word' id='word_1_167' title='bbox 1400 1884 1417 1906; x_wconf 90' lang='lat'>,</span> 
     </span>
     <span class='ocr_line' id='line_1_24' title="bbox 123 1915 1419 1983; baseline 0.005 -22"><span class='ocrx_word' id='word_1_168' title='bbox 123 1916 299 1963; x_wconf 90' lang='lat' dir='ltr'>nullum</span> <span class='ocrx_word' id='word_1_169' title='bbox 332 1915 672 1979; x_wconf 81' lang='lat' dir='ltr'>jusjurandum,</span> <span class='ocrx_word' id='word_1_170' title='bbox 706 1919 829 1966; x_wconf 87' lang='lat' dir='ltr'>nulla</span> <span class='ocrx_word' id='word_1_171' title='bbox 860 1919 1036 1983; x_wconf 85' lang='lat' dir='ltr'>religio.</span> <span class='ocrx_word' id='word_1_172' title='bbox 1075 1922 1195 1968; x_wconf 90' lang='lat' dir='ltr'>Cum</span> <span class='ocrx_word' id='word_1_173' title='bbox 1231 1921 1312 1968; x_wconf 87' lang='lat' dir='ltr'>hac</span> <span class='ocrx_word' id='word_1_174' title='bbox 1347 1920 1419 1968; x_wconf 90' lang='lat' dir='ltr'>in-</span> 
     </span>
     <span class='ocr_line' id='line_1_25' title="bbox 124 1990 1420 2057; baseline 0.005 -20"><span class='ocrx_word' id='word_1_175' title='bbox 124 1991 230 2038; x_wconf 92' lang='lat' dir='ltr'>dole</span> <span class='ocrx_word' id='word_1_176' title='bbox 252 1990 475 2038; x_wconf 88' lang='lat' dir='ltr'>virtutum</span> <span class='ocrx_word' id='word_1_177' title='bbox 496 2004 630 2057; x_wconf 83' lang='lat' dir='ltr'>atque</span> <span class='ocrx_word' id='word_1_178' title='bbox 661 1994 882 2041; x_wconf 84' lang='lat' dir='ltr'>vitiorum</span> <span class='ocrx_word' id='word_1_179' title='bbox 904 1995 1104 2043; x_wconf 89' lang='lat' dir='ltr'>triennio</span> <span class='ocrx_word' id='word_1_180' title='bbox 1130 1995 1206 2043; x_wconf 89' lang='lat' dir='ltr'>sub</span> <span class='ocrx_word' id='word_1_181' title='bbox 1226 1995 1420 2043; x_wconf 89' lang='lat' dir='ltr'>Hasdru-</span> 
     </span>
     <span class='ocr_line' id='line_1_26' title="bbox 98 2065 1418 2133; baseline 0.004 -22"><span class='ocrx_word' id='word_1_182' title='bbox 98 2098 101 2100; x_wconf 95' lang='grc'>-</span> <span class='ocrx_word' id='word_1_183' title='bbox 124 2065 224 2112; x_wconf 81' lang='lat' dir='ltr'>bale</span> <span class='ocrx_word' id='word_1_184' title='bbox 256 2065 528 2128; x_wconf 86' lang='lat' dir='ltr'>imperatore</span> <span class='ocrx_word' id='word_1_185' title='bbox 559 2067 725 2114; x_wconf 85' lang='lat' dir='ltr'>meruit</span> <span class='ocrx_word' id='word_1_186' title='bbox 746 2103 759 2126; x_wconf 74' lang='lat'>‚</span> <span class='ocrx_word' id='word_1_187' title='bbox 785 2067 907 2115; x_wconf 90' lang='lat' dir='ltr'>nulla</span> <span class='ocrx_word' id='word_1_188' title='bbox 931 2085 977 2115; x_wconf 92' lang='lat' dir='ltr'>re</span> <span class='ocrx_word' id='word_1_189' title='bbox 994 2106 1007 2129; x_wconf 89' lang='lat'>,</span> <span class='ocrx_word' id='word_1_190' title='bbox 1035 2086 1137 2132; x_wconf 85' lang='lat' dir='ltr'>quae</span> <span class='ocrx_word' id='word_1_191' title='bbox 1161 2070 1331 2133; x_wconf 87' lang='lat' dir='ltr'>agenda</span> <span class='ocrx_word' id='word_1_192' title='bbox 1348 2069 1418 2118; x_wconf 91' lang='lat' dir='ltr'>vi-</span> 
     </span>
     <span class='ocr_line' id='line_1_27' title="bbox 124 2139 1353 2205; baseline 0.002 -19"><span class='ocrx_word' id='word_1_193' title='bbox 124 2139 360 2203; x_wconf 88' lang='lat' dir='ltr'>dendaque</span> <span class='ocrx_word' id='word_1_194' title='bbox 390 2155 557 2203; x_wconf 86' lang='lat' dir='ltr'>magno</span> <span class='ocrx_word' id='word_1_195' title='bbox 579 2139 734 2187; x_wconf 88' lang='lat' dir='ltr'>futuro</span> <span class='ocrx_word' id='word_1_196' title='bbox 761 2142 867 2188; x_wconf 92' lang='lat' dir='ltr'>duci</span> <span class='ocrx_word' id='word_1_197' title='bbox 888 2142 1019 2200; x_wconf 75' lang='lat' dir='ltr'>esset,</span> <span class='ocrx_word' id='word_1_198' title='bbox 1049 2142 1353 2205; x_wconf 77' lang='lat' dir='ltr'>praetermissa.</span> 
     </span>
     <span class='ocr_line' id='line_1_28' title="bbox 189 2215 1419 2278; baseline 0.006 -21"><span class='ocrx_word' id='word_1_199' title='bbox 189 2215 247 2261; x_wconf 93' lang='lat' dir='ltr'>V.</span> <span class='ocrx_word' id='word_1_200' title='bbox 282 2215 497 2259; x_wconf 87' lang='lat' dir='ltr'>Ceterum</span> <span class='ocrx_word' id='word_1_201' title='bbox 528 2230 584 2260; x_wconf 87' lang='lat' dir='ltr'>ex</span> <span class='ocrx_word' id='word_1_202' title='bbox 609 2231 703 2278; x_wconf 89' lang='lat' dir='ltr'>quo</span> <span class='ocrx_word' id='word_1_203' title='bbox 724 2215 794 2262; x_wconf 89' lang='lat' dir='ltr'>die</span> <span class='ocrx_word' id='word_1_204' title='bbox 820 2216 910 2262; x_wconf 87' lang='lat' dir='ltr'>dux</span> <span class='ocrx_word' id='word_1_205' title='bbox 940 2216 1001 2262; x_wconf 89' lang='lat' dir='ltr'>est</span> <span class='ocrx_word' id='word_1_206' title='bbox 1032 2216 1280 2264; x_wconf 87' lang='lat' dir='ltr'>declaratus</span> <span class='ocrx_word' id='word_1_207' title='bbox 1299 2252 1312 2275; x_wconf 89' lang='lat'>,</span> <span class='ocrx_word' id='word_1_208' title='bbox 1336 2234 1419 2264; x_wconf 88' lang='lat' dir='ltr'>ve·</span> 
     </span>
     <span class='ocr_line' id='line_1_29' title="bbox 126 2285 1418 2353; baseline 0.004 -21"><span class='ocrx_word' id='word_1_209' title='bbox 126 2285 197 2332; x_wconf 89' lang='lat' dir='ltr'>lut</span> <span class='ocrx_word' id='word_1_210' title='bbox 228 2286 350 2333; x_wconf 86' lang='lat' dir='ltr'>ltalia</span> <span class='ocrx_word' id='word_1_211' title='bbox 382 2287 423 2333; x_wconf 90' lang='lat' dir='ltr'>ei</span> <span class='ocrx_word' id='word_1_212' title='bbox 457 2286 699 2349; x_wconf 86' lang='lat' dir='ltr'>provincia</span> <span class='ocrx_word' id='word_1_213' title='bbox 726 2288 933 2347; x_wconf 83' lang='lat' dir='ltr'>decreta,</span> <span class='ocrx_word' id='word_1_214' title='bbox 964 2289 1224 2353; x_wconf 89' lang='lat' dir='ltr'>bellumque</span> <span class='ocrx_word' id='word_1_215' title='bbox 1248 2290 1418 2338; x_wconf 87' lang='lat' dir='ltr'>Rorna-</span> 
     </span>
     <span class='ocr_line' id='line_1_30' title="bbox 128 2359 1419 2425; baseline 0.002 -20"><span class='ocrx_word' id='word_1_216' title='bbox 128 2375 236 2405; x_wconf 89' lang='lat' dir='ltr'>num</span> <span class='ocrx_word' id='word_1_217' title='bbox 263 2359 525 2406; x_wconf 87' lang='lat' dir='ltr'>mandatum</span> <span class='ocrx_word' id='word_1_218' title='bbox 544 2360 648 2407; x_wconf 84' lang='lat' dir='ltr'>effet</span> <span class='ocrx_word' id='word_1_219' title='bbox 667 2397 682 2418; x_wconf 91' lang='lat'>‚</span> <span class='ocrx_word' id='word_1_220' title='bbox 709 2360 821 2407; x_wconf 87' lang='lat' dir='ltr'>nihil</span> <span class='ocrx_word' id='word_1_221' title='bbox 842 2362 1158 2425; x_wconf 84' lang='lat' dir='ltr'>prolatandum</span> <span class='ocrx_word' id='word_1_222' title='bbox 1189 2374 1335 2419; x_wconf 87' lang='lat' dir='ltr'>ratus,</span> <span class='ocrx_word' id='word_1_223' title='bbox 1361 2379 1419 2408; x_wconf 87' lang='lat' dir='ltr'>ne</span> 
     </span>
     <span class='ocr_line' id='line_1_31' title="bbox 129 2430 1420 2497; baseline 0.003 -21"><span class='ocrx_word' id='word_1_224' title='bbox 129 2430 172 2476; x_wconf 91' lang='lat' dir='ltr'>se</span> <span class='ocrx_word' id='word_1_225' title='bbox 206 2447 414 2493; x_wconf 90' lang='lat' dir='ltr'>quoque,</span> <span class='ocrx_word' id='word_1_226' title='bbox 454 2446 504 2479; x_wconf 89' lang='lat' dir='ltr'>ut</span> <span class='ocrx_word' id='word_1_227' title='bbox 534 2446 704 2497; x_wconf 88' lang='lat' dir='ltr'>patrem</span> <span class='ocrx_word' id='word_1_228' title='bbox 740 2435 1074 2495; x_wconf 86' lang='lat' dir='ltr'>Hamilcarem,</span> <span class='ocrx_word' id='word_1_229' title='bbox 1113 2436 1275 2482; x_wconf 90' lang='lat' dir='ltr'>deinde</span> <span class='ocrx_word' id='word_1_230' title='bbox 1306 2433 1420 2480; x_wconf 86' lang='lat' dir='ltr'>Has·</span> 
     </span>
     <span class='ocr_line' id='line_1_32' title="bbox 132 2503 1423 2577; baseline 0.002 -26"><span class='ocrx_word' id='word_1_231' title='bbox 132 2503 385 2565; x_wconf 85' lang='lat' dir='ltr'>drubalem,</span> <span class='ocrx_word' id='word_1_232' title='bbox 404 2508 688 2559; x_wconf 59' lang='lat' dir='ltr'>cunilantem</span> <span class='ocrx_word' id='word_1_233' title='bbox 708 2509 830 2560; x_wconf 81' lang='lat' dir='ltr'>casus</span> <span class='ocrx_word' id='word_1_234' title='bbox 854 2510 1014 2577; x_wconf 87' lang='lat' dir='ltr'>aliquis</span> <span class='ocrx_word' id='word_1_235' title='bbox 1035 2510 1312 2574; x_wconf 88' lang='lat' dir='ltr'>opprimeret</span> <span class='ocrx_word' id='word_1_236' title='bbox 1321 2507 1423 2567; x_wconf 48' lang='lat' dir='ltr'>,Sa-0</span> 
     </span>
    </p>
   </div>
  </div>
 </body>
</html>
