<?xml version="1.0" encoding="UTF-8"?>
<!DOCTYPE html PUBLIC "-//W3C//DTD XHTML 1.0 Transitional//EN"
    "http://www.w3.org/TR/xhtml1/DTD/xhtml1-transitional.dtd">
<html xmlns="http://www.w3.org/1999/xhtml" xml:lang="en" lang="en">
 <head>
  <title>
</title>
<meta http-equiv="Content-Type" content="text/html;charset=utf-8" />
  <meta name='ocr-system' content='tesseract 3.04.00' />
  <meta name='ocr-capabilities' content='ocr_page ocr_carea ocr_par ocr_line ocrx_word'/>
</head>
<body>
  <div class='ocr_page' id='page_1' title='image "./historiarumlibri03livyuoft_0080.png"; bbox 0 0 1701 3008; ppageno 0'>
   <div class='ocr_carea' id='block_1_1' title="bbox 294 181 1286 242">
    <p class='ocr_par' dir='ltr' id='par_1_1' title="bbox 294 181 1286 242">
     <span class='ocr_line' id='line_1_1' title="bbox 294 181 1286 242; baseline 0.013 -15"><span class='ocrx_word' id='word_1_1' title='bbox 294 194 359 242; x_wconf 74' lang='lat'><strong>72</strong></span> <span class='ocrx_word' id='word_1_2' title='bbox 648 181 1286 240; x_wconf 79' lang='lat' dir='ltr'>TITILIVII.</span> 
     </span>
    </p>
   </div>
   <div class='ocr_carea' id='block_1_2' title="bbox 285 288 1584 2554">
    <p class='ocr_par' dir='ltr' id='par_1_2' title="bbox 285 288 1584 2554">
     <span class='ocr_line' id='line_1_2' title="bbox 294 288 1584 359; baseline 0.012 -25"><span class='ocrx_word' id='word_1_3' title='bbox 294 288 544 352; x_wconf 84' lang='lat' dir='ltr'><strong>triumpho.</strong></span> <span class='ocrx_word' id='word_1_4' title='bbox 572 289 745 353; x_wconf 85' lang='lat' dir='ltr'><strong>Pedites</strong></span> <span class='ocrx_word' id='word_1_5' title='bbox 775 290 1030 356; x_wconf 85' lang='lat' dir='ltr'><strong>equitesque</strong></span> <span class='ocrx_word' id='word_1_6' title='bbox 1061 293 1254 359; x_wconf 87' lang='lat' dir='ltr'><strong>infignes</strong></span> <span class='ocrx_word' id='word_1_7' title='bbox 1281 296 1414 346; x_wconf 84' lang='lat' dir='ltr'><strong>donis</strong></span> <span class='ocrx_word' id='word_1_8' title='bbox 1443 301 1584 349; x_wconf 66' lang='lat' dir='ltr'><strong>trans-⁴</strong></span> 
     </span>
     <span class='ocr_line' id='line_1_3' title="bbox 294 359 1583 434; baseline 0.012 -27"><span class='ocrx_word' id='word_1_9' title='bbox 294 359 418 422; x_wconf 77' lang='lat' dir='ltr'><strong>iere,</strong></span> <span class='ocrx_word' id='word_1_10' title='bbox 448 372 501 409; x_wconf 80' lang='lat' dir='ltr'><strong>ac</strong></span> <span class='ocrx_word' id='word_1_11' title='bbox 536 363 774 412; x_wconf 69' lang='lat' dir='ltr'><strong>transveai</strong></span> <span class='ocrx_word' id='word_1_12' title='bbox 805 364 904 412; x_wconf 89' lang='lat' dir='ltr'><strong>sunt</strong></span> <span class='ocrx_word' id='word_1_13' title='bbox 930 384 943 413; x_wconf 73' lang='grc' dir='ltr'><strong><em>ε</em></strong></span> <span class='ocrx_word' id='word_1_14' title='bbox 987 367 1139 415; x_wconf 84' lang='lat' dir='ltr'><strong>multae</strong></span> <span class='ocrx_word' id='word_1_15' title='bbox 1175 369 1336 418; x_wconf 80' lang='lat' dir='ltr'><strong>civicae</strong></span> <span class='ocrx_word' id='word_1_16' title='bbox 1366 389 1583 434; x_wconf 67' lang='lat' dir='ltr'><strong>coronae,</strong></span> 
     </span>
     <span class='ocr_line' id='line_1_4' title="bbox 294 433 1583 510; baseline 0.012 -31"><span class='ocrx_word' id='word_1_17' title='bbox 294 433 576 497; x_wconf 83' lang='lat' dir='ltr'><strong>vallaresque</strong></span> <span class='ocrx_word' id='word_1_18' title='bbox 593 471 608 494; x_wconf 82' lang='lat'>,</span> <span class='ocrx_word' id='word_1_19' title='bbox 628 454 681 484; x_wconf 85' lang='lat' dir='ltr'><strong>ac</strong></span> <span class='ocrx_word' id='word_1_20' title='bbox 699 438 890 486; x_wconf 84' lang='lat' dir='ltr'><strong>murales</strong></span> <span class='ocrx_word' id='word_1_21' title='bbox 911 440 1175 504; x_wconf 58' lang='lat' dir='ltr'><strong>conspectae.</strong></span> <span class='ocrx_word' id='word_1_22' title='bbox 1205 443 1448 508; x_wconf 65' lang='lat' dir='ltr'><strong>Inspestata</strong></span> <span class='ocrx_word' id='word_1_23' title='bbox 1477 446 1583 510; x_wconf 88' lang='lat' dir='ltr'><strong>spo-</strong></span> 
     </span>
     <span class='ocr_line' id='line_1_5' title="bbox 291 507 1583 581; baseline 0.01 -28"><span class='ocrx_word' id='word_1_24' title='bbox 291 507 352 554; x_wconf 85' lang='lat' dir='ltr'><strong>lia</strong></span> <span class='ocrx_word' id='word_1_25' title='bbox 377 510 677 559; x_wconf 75' lang='lat' dir='ltr'>Samnitium:</span> <span class='ocrx_word' id='word_1_26' title='bbox 711 513 763 561; x_wconf 87' lang='lat'>&amp;</span> <span class='ocrx_word' id='word_1_27' title='bbox 794 513 960 560; x_wconf 86' lang='lat' dir='ltr'><strong>decore</strong></span> <span class='ocrx_word' id='word_1_28' title='bbox 988 531 1039 562; x_wconf 88' lang='lat' dir='ltr'><strong>ac</strong></span> <span class='ocrx_word' id='word_1_29' title='bbox 1066 517 1404 577; x_wconf 85' lang='lat' dir='ltr'><strong>pulchritudine</strong></span> <span class='ocrx_word' id='word_1_30' title='bbox 1435 530 1583 581; x_wconf 87' lang='lat' dir='ltr'><strong>pater-</strong></span> 
     </span>
     <span class='ocr_line' id='line_1_6' title="bbox 290 579 1582 651; baseline 0.009 -25"><span class='ocrx_word' id='word_1_31' title='bbox 290 579 361 626; x_wconf 84' lang='lat' dir='ltr'><strong>nis</strong></span> <span class='ocrx_word' id='word_1_32' title='bbox 391 579 570 643; x_wconf 75' lang='lat' dir='ltr'><strong>spoliis,</strong></span> <span class='ocrx_word' id='word_1_33' title='bbox 592 600 692 646; x_wconf 81' lang='lat' dir='ltr'><strong>quae</strong></span> <span class='ocrx_word' id='word_1_34' title='bbox 721 580 830 648; x_wconf 84' lang='lat' dir='ltr'><strong>nota</strong></span> <span class='ocrx_word' id='word_1_35' title='bbox 856 585 1082 650; x_wconf 85' lang='lat' dir='ltr'><strong>frequenti</strong></span> <span class='ocrx_word' id='word_1_36' title='bbox 1102 588 1390 651; x_wconf 87' lang='lat' dir='ltr'><strong>publicorum</strong></span> <span class='ocrx_word' id='word_1_37' title='bbox 1416 602 1582 636; x_wconf 85' lang='lat' dir='ltr'><strong>ornatu</strong></span> 
     </span>
     <span class='ocr_line' id='line_1_7' title="bbox 292 654 1583 726; baseline 0.006 -25"><span class='ocrx_word' id='word_1_38' title='bbox 292 654 508 703; x_wconf 90' lang='lat' dir='ltr'><strong>locorum</strong></span> <span class='ocrx_word' id='word_1_39' title='bbox 555 669 709 715; x_wconf 86' lang='lat' dir='ltr'><strong>erant,</strong></span> <span class='ocrx_word' id='word_1_40' title='bbox 757 659 1147 722; x_wconf 80' lang='lat' dir='ltr'><strong>comparabantur.</strong></span> <span class='ocrx_word' id='word_1_41' title='bbox 1198 663 1373 709; x_wconf 87' lang='lat' dir='ltr'><strong>nobiles</strong></span> <span class='ocrx_word' id='word_1_42' title='bbox 1407 664 1583 726; x_wconf 81' lang='lat' dir='ltr'><strong>aliquot</strong></span> 
     </span>
     <span class='ocr_line' id='line_1_8' title="bbox 289 728 1584 796; baseline 0.007 -22"><span class='ocrx_word' id='word_1_43' title='bbox 289 728 502 791; x_wconf 83' lang='lat' dir='ltr'><strong>captivi,</strong></span> <span class='ocrx_word' id='word_1_44' title='bbox 533 729 640 776; x_wconf 87' lang='lat' dir='ltr'><strong>clari</strong></span> <span class='ocrx_word' id='word_1_45' title='bbox 675 730 763 777; x_wconf 86' lang='lat' dir='ltr'><strong>suis</strong></span> <span class='ocrx_word' id='word_1_46' title='bbox 796 745 1062 796; x_wconf 84' lang='lat' dir='ltr'><strong>patrumque</strong></span> <span class='ocrx_word' id='word_1_47' title='bbox 1083 733 1219 791; x_wconf 14' lang='lat' dir='ltr'><strong>yfaffis</strong></span> <span class='ocrx_word' id='word_1_48' title='bbox 1237 771 1252 791; x_wconf 93' lang='lat'>‚</span> <span class='ocrx_word' id='word_1_49' title='bbox 1282 736 1416 783; x_wconf 73' lang='lat' dir='ltr'><strong>duffl.</strong></span> <span class='ocrx_word' id='word_1_50' title='bbox 1464 736 1584 784; x_wconf 84' lang='lat' dir='ltr'><strong>AEris</strong></span> 
     </span>
     <span class='ocr_line' id='line_1_9' title="bbox 289 803 1582 874; baseline 0.007 -25"><span class='ocrx_word' id='word_1_51' title='bbox 289 803 445 868; x_wconf 81' lang='lat' dir='ltr'><strong>gravis</strong></span> <span class='ocrx_word' id='word_1_52' title='bbox 471 804 721 852; x_wconf 57' lang='lat' dir='ltr'><strong>transvecta</strong></span> <span class='ocrx_word' id='word_1_53' title='bbox 747 806 888 854; x_wconf 87' lang='lat' dir='ltr'><strong>vicies</strong></span> <span class='ocrx_word' id='word_1_54' title='bbox 917 820 1104 854; x_wconf 86' lang='lat' dir='ltr'><strong>centena</strong></span> <span class='ocrx_word' id='word_1_55' title='bbox 1128 811 1178 857; x_wconf 65' lang='grc' dir='ltr'><strong>ὃς</strong></span> <span class='ocrx_word' id='word_1_56' title='bbox 1202 810 1256 856; x_wconf 87' lang='lat' dir='ltr'><strong>ad</strong></span> <span class='ocrx_word' id='word_1_57' title='bbox 1284 811 1467 874; x_wconf 80' lang='lat' dir='ltr'><strong>triginta</strong></span> <span class='ocrx_word' id='word_1_58' title='bbox 1495 811 1582 858; x_wconf 83' lang='lat' dir='ltr'><strong>tria</strong></span> 
     </span>
     <span class='ocr_line' id='line_1_10' title="bbox 289 877 1582 944; baseline 0.005 -19"><span class='ocrx_word' id='word_1_59' title='bbox 289 877 447 926; x_wconf 85' lang='lat' dir='ltr'><strong>millia.</strong></span> <span class='ocrx_word' id='word_1_60' title='bbox 492 879 538 925; x_wconf 88' lang='lat' dir='ltr'><strong>id</strong></span> <span class='ocrx_word' id='word_1_61' title='bbox 565 897 623 926; x_wconf 82' lang='lat' dir='ltr'><strong>aes</strong></span> <span class='ocrx_word' id='word_1_62' title='bbox 652 881 875 928; x_wconf 58' lang='lat' dir='ltr'><strong>redactum</strong></span> <span class='ocrx_word' id='word_1_63' title='bbox 903 898 960 928; x_wconf 79' lang='lat' dir='ltr'><strong>ex</strong></span> <span class='ocrx_word' id='word_1_64' title='bbox 994 882 1188 944; x_wconf 84' lang='lat' dir='ltr'><strong>captivis</strong></span> <span class='ocrx_word' id='word_1_65' title='bbox 1218 883 1462 932; x_wconf 80' lang='lat' dir='ltr'><strong>dicebatur.</strong></span> <span class='ocrx_word' id='word_1_66' title='bbox 1507 903 1582 932; x_wconf 88' lang='lat' dir='ltr'><strong>ar-</strong></span> 
     </span>
     <span class='ocr_line' id='line_1_11' title="bbox 288 952 1581 1019; baseline 0.007 -22"><span class='ocrx_word' id='word_1_67' title='bbox 288 952 443 1015; x_wconf 76' lang='lat' dir='ltr'><strong>genti,</strong></span> <span class='ocrx_word' id='word_1_68' title='bbox 462 953 587 1014; x_wconf 84' lang='lat' dir='ltr'><strong>quod</strong></span> <span class='ocrx_word' id='word_1_69' title='bbox 608 969 786 1016; x_wconf 87' lang='lat' dir='ltr'><strong>captum</strong></span> <span class='ocrx_word' id='word_1_70' title='bbox 819 971 874 1000; x_wconf 76' lang='lat' dir='ltr'><strong>ex</strong></span> <span class='ocrx_word' id='word_1_71' title='bbox 897 955 1082 1002; x_wconf 83' lang='lat' dir='ltr'><strong>urbibus</strong></span> <span class='ocrx_word' id='word_1_72' title='bbox 1102 967 1219 1015; x_wconf 82' lang='lat' dir='ltr'><strong>erat,</strong></span> <span class='ocrx_word' id='word_1_73' title='bbox 1250 958 1409 1019; x_wconf 90' lang='lat' dir='ltr'><strong>pondo</strong></span> <span class='ocrx_word' id='word_1_74' title='bbox 1438 959 1581 1006; x_wconf 84' lang='lat' dir='ltr'><strong>millia</strong></span> 
     </span>
     <span class='ocr_line' id='line_1_12' title="bbox 289 1028 1580 1096; baseline 0.008 -24"><span class='ocrx_word' id='word_1_75' title='bbox 289 1038 491 1074; x_wconf 82' lang='lat' dir='ltr'><strong>trecenta</strong></span> <span class='ocrx_word' id='word_1_76' title='bbox 524 1028 721 1092; x_wconf 82' lang='lat' dir='ltr'><strong>triginta.</strong></span> <span class='ocrx_word' id='word_1_77' title='bbox 773 1047 910 1077; x_wconf 88' lang='lat' dir='ltr'><strong>omne</strong></span> <span class='ocrx_word' id='word_1_78' title='bbox 947 1048 1006 1078; x_wconf 79' lang='lat' dir='ltr'><strong>aes</strong></span> <span class='ocrx_word' id='word_1_79' title='bbox 1041 1044 1362 1096; x_wconf 78' lang='lat' dir='ltr'><strong>argentumque</strong></span> <span class='ocrx_word' id='word_1_80' title='bbox 1393 1034 1440 1080; x_wconf 90' lang='lat' dir='ltr'><strong>in</strong></span> <span class='ocrx_word' id='word_1_81' title='bbox 1469 1053 1580 1082; x_wconf 85' lang='lat' dir='ltr'><strong>aera-</strong></span> 
     </span>
     <span class='ocr_line' id='line_1_13' title="bbox 288 1099 1581 1168; baseline 0.007 -24"><span class='ocrx_word' id='word_1_82' title='bbox 288 1099 411 1145; x_wconf 86' lang='lat' dir='ltr'><strong>rium</strong></span> <span class='ocrx_word' id='word_1_83' title='bbox 445 1100 697 1149; x_wconf 89' lang='lat' dir='ltr'><strong>conditum.</strong></span> <span class='ocrx_word' id='word_1_84' title='bbox 736 1100 960 1148; x_wconf 80' lang='lat' dir='ltr'><strong>Militibus</strong></span> <span class='ocrx_word' id='word_1_85' title='bbox 999 1102 1115 1148; x_wconf 86' lang='lat' dir='ltr'><strong>nihil</strong></span> <span class='ocrx_word' id='word_1_86' title='bbox 1154 1103 1306 1151; x_wconf 85' lang='lat' dir='ltr'><strong>datum</strong></span> <span class='ocrx_word' id='word_1_87' title='bbox 1341 1121 1397 1151; x_wconf 87' lang='lat' dir='ltr'><strong>ex</strong></span> <span class='ocrx_word' id='word_1_88' title='bbox 1429 1108 1581 1168; x_wconf 82' lang='lat' dir='ltr'><strong>praeda</strong></span> 
     </span>
     <span class='ocr_line' id='line_1_14' title="bbox 288 1171 1582 1242; baseline 0.007 -25"><span class='ocrx_word' id='word_1_89' title='bbox 288 1171 368 1218; x_wconf 82' lang='lat' dir='ltr'><strong>est.</strong></span> <span class='ocrx_word' id='word_1_90' title='bbox 414 1174 631 1236; x_wconf 62' lang='lat' dir='ltr'><strong>auctaque</strong></span> <span class='ocrx_word' id='word_1_91' title='bbox 664 1191 715 1221; x_wconf 87' lang='lat' dir='ltr'><strong>ea</strong></span> <span class='ocrx_word' id='word_1_92' title='bbox 739 1174 916 1222; x_wconf 84' lang='lat' dir='ltr'><strong>invidia</strong></span> <span class='ocrx_word' id='word_1_93' title='bbox 945 1175 1008 1222; x_wconf 87' lang='lat' dir='ltr'><strong>est</strong></span> <span class='ocrx_word' id='word_1_94' title='bbox 1036 1176 1092 1222; x_wconf 89' lang='lat' dir='ltr'><strong>ad</strong></span> <span class='ocrx_word' id='word_1_95' title='bbox 1123 1176 1328 1239; x_wconf 87' lang='lat' dir='ltr'><strong>plebem,</strong></span> <span class='ocrx_word' id='word_1_96' title='bbox 1355 1180 1481 1242; x_wconf 91' lang='lat' dir='ltr'><strong>quod</strong></span> <span class='ocrx_word' id='word_1_97' title='bbox 1500 1180 1582 1225; x_wconf 89' lang='lat' dir='ltr'><strong>tri-</strong></span> 
     </span>
     <span class='ocr_line' id='line_1_15' title="bbox 289 1248 1583 1312; baseline 0.002 -17"><span class='ocrx_word' id='word_1_98' title='bbox 289 1248 452 1295; x_wconf 86' lang='lat' dir='ltr'><strong>butum</strong></span> <span class='ocrx_word' id='word_1_99' title='bbox 487 1248 621 1295; x_wconf 86' lang='lat' dir='ltr'><strong>etiam</strong></span> <span class='ocrx_word' id='word_1_100' title='bbox 648 1249 696 1296; x_wconf 86' lang='lat' dir='ltr'><strong>in</strong></span> <span class='ocrx_word' id='word_1_101' title='bbox 726 1248 997 1312; x_wconf 87' lang='lat' dir='ltr'><strong>stipendium</strong></span> <span class='ocrx_word' id='word_1_102' title='bbox 1029 1250 1221 1297; x_wconf 87' lang='lat' dir='ltr'><strong>militum</strong></span> <span class='ocrx_word' id='word_1_103' title='bbox 1250 1251 1466 1297; x_wconf 81' lang='lat' dir='ltr'><strong>collatum</strong></span> <span class='ocrx_word' id='word_1_104' title='bbox 1493 1251 1583 1299; x_wconf 85' lang='lat' dir='ltr'><strong>est:</strong></span> 
     </span>
     <span class='ocr_line' id='line_1_16' title="bbox 287 1322 1581 1387; baseline 0.001 -18"><span class='ocrx_word' id='word_1_105' title='bbox 287 1339 425 1380; x_wconf 84' lang='lat' dir='ltr'><strong>cum,</strong></span> <span class='ocrx_word' id='word_1_106' title='bbox 456 1322 488 1368; x_wconf 86' lang='lat' dir='ltr'><strong>fi</strong></span> <span class='ocrx_word' id='word_1_107' title='bbox 517 1322 660 1385; x_wconf 85' lang='lat' dir='ltr'><strong>spreta</strong></span> <span class='ocrx_word' id='word_1_108' title='bbox 702 1322 846 1387; x_wconf 78' lang='lat' dir='ltr'><strong>gloria</strong></span> <span class='ocrx_word' id='word_1_109' title='bbox 884 1322 1031 1368; x_wconf 83' lang='lat' dir='ltr'><strong>fuiffet</strong></span> <span class='ocrx_word' id='word_1_110' title='bbox 1073 1324 1264 1385; x_wconf 82' lang='lat' dir='ltr'><strong>captivae</strong></span> <span class='ocrx_word' id='word_1_111' title='bbox 1295 1323 1498 1386; x_wconf 85' lang='lat' dir='ltr'><strong>pecuniae</strong></span> <span class='ocrx_word' id='word_1_112' title='bbox 1531 1323 1581 1370; x_wconf 83' lang='lat' dir='ltr'><strong>in</strong></span> 
     </span>
     <span class='ocr_line' id='line_1_17' title="bbox 286 1395 1582 1457; baseline 0.002 -16"><span class='ocrx_word' id='word_1_113' title='bbox 286 1412 327 1441; x_wconf 78' lang='lat' dir='ltr'><strong>ae</strong></span> <span class='ocrx_word' id='word_1_114' title='bbox 354 1395 494 1442; x_wconf 90' lang='lat' dir='ltr'><strong>arium</strong></span> <span class='ocrx_word' id='word_1_115' title='bbox 530 1395 692 1452; x_wconf 71' lang='lat' dir='ltr'><strong>illatae,</strong></span> <span class='ocrx_word' id='word_1_116' title='bbox 721 1397 771 1443; x_wconf 86' lang='lat'>&amp;</span> <span class='ocrx_word' id='word_1_117' title='bbox 804 1395 935 1442; x_wconf 86' lang='lat' dir='ltr'><strong>militi</strong></span> <span class='ocrx_word' id='word_1_118' title='bbox 967 1408 1065 1442; x_wconf 85' lang='lat' dir='ltr'><strong>tum</strong></span> <span class='ocrx_word' id='word_1_119' title='bbox 1100 1395 1193 1441; x_wconf 89' lang='lat' dir='ltr'><strong>dari</strong></span> <span class='ocrx_word' id='word_1_120' title='bbox 1228 1413 1284 1441; x_wconf 84' lang='lat' dir='ltr'><strong>ex</strong></span> <span class='ocrx_word' id='word_1_121' title='bbox 1322 1396 1499 1457; x_wconf 76' lang='lat' dir='ltr'><strong>praeda,</strong></span> <span class='ocrx_word' id='word_1_122' title='bbox 1529 1397 1582 1444; x_wconf 86' lang='lat'>&amp;</span> 
     </span>
     <span class='ocr_line' id='line_1_18' title="bbox 287 1468 1583 1532; baseline 0.002 -18"><span class='ocrx_word' id='word_1_123' title='bbox 287 1468 557 1530; x_wconf 81' lang='lat' dir='ltr'><strong>stipendium</strong></span> <span class='ocrx_word' id='word_1_124' title='bbox 581 1469 774 1516; x_wconf 83' lang='lat' dir='ltr'><strong>militare</strong></span> <span class='ocrx_word' id='word_1_125' title='bbox 799 1469 994 1531; x_wconf 77' lang='lat' dir='ltr'><strong>praestari</strong></span> <span class='ocrx_word' id='word_1_126' title='bbox 1021 1469 1244 1532; x_wconf 76' lang='lat' dir='ltr'><strong>potuisset.</strong></span> <span class='ocrx_word' id='word_1_127' title='bbox 1281 1470 1438 1517; x_wconf 89' lang='lat' dir='ltr'><strong>AEdem</strong></span> <span class='ocrx_word' id='word_1_128' title='bbox 1462 1471 1583 1530; x_wconf 83' lang='lat' dir='ltr'><strong>Qui-</strong></span> 
     </span>
     <span class='ocr_line' id='line_1_19' title="bbox 286 1540 1581 1605; baseline 0.002 -18"><span class='ocrx_word' id='word_1_129' title='bbox 286 1540 412 1599; x_wconf 85' lang='lat' dir='ltr'><strong>rini,</strong></span> <span class='ocrx_word' id='word_1_130' title='bbox 442 1559 575 1605; x_wconf 86' lang='lat' dir='ltr'><strong>quam</strong></span> <span class='ocrx_word' id='word_1_131' title='bbox 613 1541 661 1587; x_wconf 81' lang='lat' dir='ltr'><strong>in</strong></span> <span class='ocrx_word' id='word_1_132' title='bbox 693 1542 785 1604; x_wconf 87' lang='lat' dir='ltr'><strong>ipsa</strong></span> <span class='ocrx_word' id='word_1_133' title='bbox 824 1542 1115 1590; x_wconf 85' lang='lat' dir='ltr'><strong>dimicatione</strong></span> <span class='ocrx_word' id='word_1_134' title='bbox 1150 1553 1306 1588; x_wconf 85' lang='lat' dir='ltr'><strong>votam</strong></span> <span class='ocrx_word' id='word_1_135' title='bbox 1343 1543 1461 1605; x_wconf 89' lang='lat' dir='ltr'><strong>apud</strong></span> <span class='ocrx_word' id='word_1_136' title='bbox 1498 1561 1581 1590; x_wconf 90' lang='lat' dir='ltr'><strong>ne-</strong></span> 
     </span>
     <span class='ocr_line' id='line_1_20' title="bbox 285 1613 1580 1679; baseline 0.002 -18"><span class='ocrx_word' id='word_1_137' title='bbox 285 1613 458 1661; x_wconf 86' lang='lat' dir='ltr'><strong>minem</strong></span> <span class='ocrx_word' id='word_1_138' title='bbox 492 1626 694 1662; x_wconf 84' lang='lat' dir='ltr'><strong>veterem</strong></span> <span class='ocrx_word' id='word_1_139' title='bbox 722 1617 952 1662; x_wconf 67' lang='lat' dir='ltr'><strong>auftorem</strong></span> <span class='ocrx_word' id='word_1_140' title='bbox 978 1616 1169 1662; x_wconf 83' lang='lat' dir='ltr'><strong>invenio</strong></span> <span class='ocrx_word' id='word_1_141' title='bbox 1186 1653 1200 1674; x_wconf 81' lang='lat'>,</span> <span class='ocrx_word' id='word_1_142' title='bbox 1223 1616 1431 1679; x_wconf 81' lang='lat' dir='ltr'><strong>(neque,</strong></span> <span class='ocrx_word' id='word_1_143' title='bbox 1461 1618 1580 1663; x_wconf 87' lang='lat' dir='ltr'><strong>Her-</strong></span> 
     </span>
     <span class='ocr_line' id='line_1_21' title="bbox 285 1686 1579 1755; baseline 0.005 -23"><span class='ocrx_word' id='word_1_144' title='bbox 285 1686 423 1745; x_wconf 83' lang='lat' dir='ltr'><strong>cule,</strong></span> <span class='ocrx_word' id='word_1_145' title='bbox 454 1702 546 1735; x_wconf 86' lang='lat' dir='ltr'><strong>tam</strong></span> <span class='ocrx_word' id='word_1_146' title='bbox 573 1688 742 1753; x_wconf 77' lang='lat' dir='ltr'><strong>exiguo</strong></span> <span class='ocrx_word' id='word_1_147' title='bbox 776 1701 981 1752; x_wconf 83' lang='lat' dir='ltr'><strong>tempore</strong></span> <span class='ocrx_word' id='word_1_148' title='bbox 1010 1691 1223 1753; x_wconf 84' lang='lat' dir='ltr'><strong>perficere</strong></span> <span class='ocrx_word' id='word_1_149' title='bbox 1255 1691 1502 1755; x_wconf 82' lang='lat' dir='ltr'><strong>potuiffet)</strong></span> <span class='ocrx_word' id='word_1_150' title='bbox 1523 1693 1579 1738; x_wconf 83' lang='lat' dir='ltr'><strong>ab</strong></span> 
     </span>
     <span class='ocr_line' id='line_1_22' title="bbox 285 1758 1581 1823; baseline 0.005 -18"><span class='ocrx_word' id='word_1_151' title='bbox 285 1758 504 1806; x_wconf 58' lang='lat' dir='ltr'><strong>dictatore</strong></span> <span class='ocrx_word' id='word_1_152' title='bbox 525 1772 651 1823; x_wconf 84' lang='lat' dir='ltr'><strong>patre</strong></span> <span class='ocrx_word' id='word_1_153' title='bbox 670 1773 844 1818; x_wconf 84' lang='lat' dir='ltr'><strong>votam,</strong></span> <span class='ocrx_word' id='word_1_154' title='bbox 868 1761 986 1809; x_wconf 85' lang='lat' dir='ltr'><strong>filius</strong></span> <span class='ocrx_word' id='word_1_155' title='bbox 1007 1763 1165 1810; x_wconf 87' lang='lat' dir='ltr'><strong>consul</strong></span> <span class='ocrx_word' id='word_1_156' title='bbox 1184 1763 1434 1821; x_wconf 89' lang='lat' dir='ltr'><strong>dedicavit,</strong></span> <span class='ocrx_word' id='word_1_157' title='bbox 1455 1780 1581 1811; x_wconf 81' lang='lat' dir='ltr'><strong>exor-</strong></span> 
     </span>
     <span class='ocr_line' id='line_1_23' title="bbox 287 1833 1578 1901; baseline 0.003 -21"><span class='ocrx_word' id='word_1_158' title='bbox 287 1833 505 1899; x_wconf 78' lang='lat' dir='ltr'><strong>navitque</strong></span> <span class='ocrx_word' id='word_1_159' title='bbox 536 1834 733 1883; x_wconf 85' lang='lat' dir='ltr'><strong>hostium</strong></span> <span class='ocrx_word' id='word_1_160' title='bbox 766 1836 936 1898; x_wconf 84' lang='lat' dir='ltr'><strong>spoliis.</strong></span> <span class='ocrx_word' id='word_1_161' title='bbox 979 1854 1176 1901; x_wconf 88' lang='lat' dir='ltr'><strong>quorum</strong></span> <span class='ocrx_word' id='word_1_162' title='bbox 1218 1848 1342 1883; x_wconf 84' lang='lat' dir='ltr'><strong>tanta</strong></span> <span class='ocrx_word' id='word_1_163' title='bbox 1371 1838 1578 1884; x_wconf 88' lang='lat' dir='ltr'><strong>multitu-</strong></span> 
     </span>
     <span class='ocr_line' id='line_1_24' title="bbox 286 1909 1579 1975; baseline 0.004 -20"><span class='ocrx_word' id='word_1_164' title='bbox 286 1909 350 1955; x_wconf 87' lang='lat' dir='ltr'><strong>do</strong></span> <span class='ocrx_word' id='word_1_165' title='bbox 387 1909 504 1966; x_wconf 80' lang='lat' dir='ltr'><strong>fuit,</strong></span> <span class='ocrx_word' id='word_1_166' title='bbox 544 1922 595 1958; x_wconf 89' lang='lat' dir='ltr'><strong>ut</strong></span> <span class='ocrx_word' id='word_1_167' title='bbox 634 1928 728 1958; x_wconf 90' lang='lat' dir='ltr'><strong>non</strong></span> <span class='ocrx_word' id='word_1_168' title='bbox 764 1911 979 1974; x_wconf 88' lang='lat' dir='ltr'><strong>templum</strong></span> <span class='ocrx_word' id='word_1_169' title='bbox 1019 1923 1195 1958; x_wconf 84' lang='lat' dir='ltr'><strong>tantum</strong></span> <span class='ocrx_word' id='word_1_170' title='bbox 1230 1911 1473 1975; x_wconf 86' lang='lat' dir='ltr'><strong>forumque</strong></span> <span class='ocrx_word' id='word_1_171' title='bbox 1511 1913 1579 1960; x_wconf 84' lang='lat' dir='ltr'><strong>his</strong></span> 
     </span>
     <span class='ocr_line' id='line_1_25' title="bbox 289 1984 1577 2050; baseline 0.003 -21"><span class='ocrx_word' id='word_1_172' title='bbox 289 1997 565 2041; x_wconf 72' lang='lat' dir='ltr'><strong>ornaretur-3</strong></span> <span class='ocrx_word' id='word_1_173' title='bbox 596 1985 670 2032; x_wconf 88' lang='lat' dir='ltr'><strong>sed</strong></span> <span class='ocrx_word' id='word_1_174' title='bbox 701 1986 835 2033; x_wconf 88' lang='lat' dir='ltr'><strong>sociis</strong></span> <span class='ocrx_word' id='word_1_175' title='bbox 868 1986 1000 2033; x_wconf 87' lang='lat' dir='ltr'><strong>etiam</strong></span> <span class='ocrx_word' id='word_1_176' title='bbox 1038 1985 1303 2050; x_wconf 84' lang='lat' dir='ltr'><strong>colonisque</strong></span> <span class='ocrx_word' id='word_1_177' title='bbox 1338 1984 1538 2033; x_wconf 84' lang='lat' dir='ltr'><strong>finitimis</strong></span> <span class='ocrx_word' id='word_1_178' title='bbox 1561 2022 1577 2045; x_wconf 95' lang='lat'>,</span> 
     </span>
     <span class='ocr_line' id='line_1_26' title="bbox 290 2056 1578 2121; baseline 0.002 -20"><span class='ocrx_word' id='word_1_179' title='bbox 290 2057 347 2101; x_wconf 81' lang='lat' dir='ltr'><strong>ad</strong></span> <span class='ocrx_word' id='word_1_180' title='bbox 372 2056 647 2118; x_wconf 80' lang='lat' dir='ltr'><strong>templorum</strong></span> <span class='ocrx_word' id='word_1_181' title='bbox 678 2059 982 2121; x_wconf 85' lang='lat' dir='ltr'><strong>locorumque</strong></span> <span class='ocrx_word' id='word_1_182' title='bbox 1012 2058 1302 2120; x_wconf 83' lang='lat' dir='ltr'><strong>publicorum</strong></span> <span class='ocrx_word' id='word_1_183' title='bbox 1335 2069 1545 2104; x_wconf 88' lang='lat' dir='ltr'><strong>ornatum</strong></span> <span class='ocrx_word' id='word_1_184' title='bbox 1563 2094 1578 2116; x_wconf 91' lang='lat'>‚</span> 
     </span>
     <span class='ocr_line' id='line_1_27' title="bbox 288 2129 1583 2197; baseline 0.003 -22"><span class='ocrx_word' id='word_1_185' title='bbox 288 2129 615 2178; x_wconf 79' lang='lat' dir='ltr'><strong>dividerentur.</strong></span> <span class='ocrx_word' id='word_1_186' title='bbox 647 2133 686 2178; x_wconf 91' lang='lat' dir='ltr'><strong>A</strong></span> <span class='ocrx_word' id='word_1_187' title='bbox 711 2131 942 2194; x_wconf 80' lang='lat' dir='ltr'><strong>triumpho</strong></span> <span class='ocrx_word' id='word_1_188' title='bbox 971 2131 1218 2197; x_wconf 81' lang='lat' dir='ltr'><strong>exercitum</strong></span> <span class='ocrx_word' id='word_1_189' title='bbox 1242 2131 1289 2176; x_wconf 84' lang='lat' dir='ltr'><strong>in</strong></span> <span class='ocrx_word' id='word_1_190' title='bbox 1313 2147 1467 2192; x_wconf 83' lang='lat' dir='ltr'><strong>agrum</strong></span> <span class='ocrx_word' id='word_1_191' title='bbox 1487 2134 1529 2177; x_wconf 82' lang='lat' dir='ltr'>V</span> <span class='ocrx_word' id='word_1_192' title='bbox 1531 2150 1583 2179; x_wconf 83' lang='lat' dir='ltr'><strong>e-</strong></span> 
     </span>
     <span class='ocr_line' id='line_1_28' title="bbox 288 2201 1579 2266; baseline 0.005 -20"><span class='ocrx_word' id='word_1_193' title='bbox 288 2201 493 2259; x_wconf 86' lang='lat' dir='ltr'><strong>scinum,</strong></span> <span class='ocrx_word' id='word_1_194' title='bbox 523 2203 627 2266; x_wconf 85' lang='lat' dir='ltr'><strong>quia</strong></span> <span class='ocrx_word' id='word_1_195' title='bbox 652 2202 776 2266; x_wconf 79' lang='lat' dir='ltr'><strong>regio</strong></span> <span class='ocrx_word' id='word_1_196' title='bbox 812 2219 860 2250; x_wconf 89' lang='lat' dir='ltr'><strong>ea</strong></span> <span class='ocrx_word' id='word_1_197' title='bbox 887 2203 1041 2250; x_wconf 85' lang='lat' dir='ltr'><strong>infesta</strong></span> <span class='ocrx_word' id='word_1_198' title='bbox 1068 2204 1122 2252; x_wconf 84' lang='lat' dir='ltr'><strong>ab</strong></span> <span class='ocrx_word' id='word_1_199' title='bbox 1153 2201 1424 2249; x_wconf 75' lang='lat' dir='ltr'><strong>Samnitibus</strong></span> <span class='ocrx_word' id='word_1_200' title='bbox 1452 2215 1579 2262; x_wconf 80' lang='lat' dir='ltr'><strong>erat,</strong></span> 
     </span>
     <span class='ocr_line' id='line_1_29' title="bbox 290 2273 1577 2332; baseline 0.002 -13"><span class='ocrx_word' id='word_1_201' title='bbox 290 2273 575 2321; x_wconf 84' lang='lat' dir='ltr'><strong>hibernatum</strong></span> <span class='ocrx_word' id='word_1_202' title='bbox 611 2275 751 2321; x_wconf 79' lang='lat' dir='ltr'><strong>duxit.</strong></span> <span class='ocrx_word' id='word_1_203' title='bbox 794 2277 914 2322; x_wconf 85' lang='lat' dir='ltr'><strong>Inter</strong></span> <span class='ocrx_word' id='word_1_204' title='bbox 939 2277 1034 2323; x_wconf 82' lang='lat' dir='ltr'><strong>haec</strong></span> <span class='ocrx_word' id='word_1_205' title='bbox 1069 2273 1298 2322; x_wconf 83' lang='lat' dir='ltr'><strong>Carvilius</strong></span> <span class='ocrx_word' id='word_1_206' title='bbox 1328 2274 1577 2332; x_wconf 85' lang='lat' dir='ltr'><strong>consul,in</strong></span> 
     </span>
     <span class='ocr_line' id='line_1_30' title="bbox 287 2346 1577 2410; baseline 0.002 -18"><span class='ocrx_word' id='word_1_207' title='bbox 287 2346 466 2392; x_wconf 85' lang='lat' dir='ltr'><strong>Etruria</strong></span> <span class='ocrx_word' id='word_1_208' title='bbox 482 2347 709 2394; x_wconf 82' lang='lat' dir='ltr'><strong>Troilium</strong></span> <span class='ocrx_word' id='word_1_209' title='bbox 730 2348 928 2410; x_wconf 86' lang='lat' dir='ltr'><strong>primum</strong></span> <span class='ocrx_word' id='word_1_210' title='bbox 949 2363 1209 2410; x_wconf 81' lang='lat' dir='ltr'><strong>oppugnare</strong></span> <span class='ocrx_word' id='word_1_211' title='bbox 1231 2347 1416 2394; x_wconf 87' lang='lat' dir='ltr'><strong>adortus</strong></span> <span class='ocrx_word' id='word_1_212' title='bbox 1432 2382 1444 2401; x_wconf 89' lang='lat'><strong>,</strong></span> <span class='ocrx_word' id='word_1_213' title='bbox 1465 2365 1577 2410; x_wconf 83' lang='lat' dir='ltr'><strong>qua-</strong></span> 
     </span>
     <span class='ocr_line' id='line_1_31' title="bbox 289 2417 1577 2483; baseline 0.001 -20"><span class='ocrx_word' id='word_1_214' title='bbox 289 2417 555 2481; x_wconf 82' lang='lat' dir='ltr'><strong>dringentos</strong></span> <span class='ocrx_word' id='word_1_215' title='bbox 589 2418 863 2481; x_wconf 82' lang='lat' dir='ltr'><strong>septuaginta</strong></span> <span class='ocrx_word' id='word_1_216' title='bbox 897 2418 1131 2465; x_wconf 83' lang='lat' dir='ltr'><strong>ditiffimos</strong></span> <span class='ocrx_word' id='word_1_217' title='bbox 1151 2454 1164 2476; x_wconf 86' lang='lat'>‚</span> <span class='ocrx_word' id='word_1_218' title='bbox 1201 2419 1391 2480; x_wconf 81' lang='lat' dir='ltr'><strong>pecunia</strong></span> <span class='ocrx_word' id='word_1_219' title='bbox 1422 2418 1577 2483; x_wconf 83' lang='lat' dir='ltr'><strong>grandi</strong></span> 
     </span>
     <span class='ocr_line' id='line_1_32' title="bbox 289 2490 1576 2554; baseline -0.002 -16"><span class='ocrx_word' id='word_1_220' title='bbox 289 2491 470 2554; x_wconf 60' lang='lat' dir='ltr'><strong>paitos,</strong></span> <span class='ocrx_word' id='word_1_221' title='bbox 489 2502 538 2539; x_wconf 88' lang='lat' dir='ltr'><strong>ut</strong></span> <span class='ocrx_word' id='word_1_222' title='bbox 557 2491 679 2539; x_wconf 88' lang='lat' dir='ltr'><strong>abire</strong></span> <span class='ocrx_word' id='word_1_223' title='bbox 701 2491 808 2540; x_wconf 89' lang='lat' dir='ltr'><strong>inde</strong></span> <span class='ocrx_word' id='word_1_224' title='bbox 826 2490 981 2540; x_wconf 87' lang='lat' dir='ltr'><strong>liceret</strong></span> <span class='ocrx_word' id='word_1_225' title='bbox 993 2526 1010 2551; x_wconf 86' lang='lat'>,</span> <span class='ocrx_word' id='word_1_226' title='bbox 1030 2490 1221 2539; x_wconf 84' lang='lat' dir='ltr'><strong>dimifit:</strong></span> <span class='ocrx_word' id='word_1_227' title='bbox 1247 2503 1439 2540; x_wconf 84' lang='lat' dir='ltr'><strong>ceteram</strong></span> <span class='ocrx_word' id='word_1_228' title='bbox 1457 2490 1576 2538; x_wconf 80' lang='lat' dir='ltr'><strong>mul-</strong></span> 
     </span>
    </p>
   </div>
   <div class='ocr_carea' id='block_1_3' title="bbox 1166 2626 1172 2648">
    <p class='ocr_par' dir='ltr' id='par_1_3' title="bbox 1166 2626 1172 2648">
     <span class='ocr_line' id='line_1_33' title="bbox 1166 2626 1172 2648; baseline 0 0"><span class='ocrx_word' id='word_1_229' title='bbox 1166 2626 1172 2648; x_wconf 78' lang='lat' dir='ltr'><strong>l</strong></span> 
     </span>
    </p>
   </div>
  </div>
 </body>
</html>
