1701 3008
328 199 404 245 ΙΝ
441 198 615 245 LOC.
665 197 794 244 LIB.
839 196 952 243 XX
1010 197 1153 243 LIV.
1314 210 1403 259 3¹3

121 304 170 344 de
198 303 386 356 supplicio
421 304 578 344 affec‘tus
604 303 753 352 fuerat,
779 317 859 344 non
882 303 970 344 ideo
994 302 1212 355 persuaderi
1238 302 1408 343 barbaris

118 367 272 419 potuit,
297 365 395 415 justo
424 365 460 405 se
488 366 615 417 postea
641 365 743 405 bello
769 365 911 416 petitos
937 364 1060 406 fuiffe.
1104 366 1234 416 Quare
1261 364 1408 404 saucios

120 443 166 467 eo
194 427 327 468 dolore
361 429 533 475 animos,
556 427 690 467 vicinae
716 427 906 469 Sardiniae
930 434 1058 466 motus
1087 426 1202 466 facile
1225 426 1406 478 impulit,

119 500 164 530 ut
190 492 238 531 ad
263 505 366 531 arma
396 491 622 531 resumenda
646 490 869 542 profilirent.
911 491 1012 530 Nam
1034 490 1174 531 Sardos
1198 490 1407 530 Poenorum

118 555 274 595 occulta
291 555 470 606 promissa
485 563 678 595 traxerant
692 556 741 595 ad
766 554 1017 595 rebellionem
1033 555 1283 605 coeptandam
1296 584 1306 600 ,
1321 567 1409 604 pro-

116 617 279 658 clivibus
306 620 355 659 ad
384 619 459 658 hoc
487 619 656 658 barbaris
673 649 684 667 ,
704 619 767 669 qui
789 631 860 658 nec
884 619 1047 658 nimium
1075 617 1240 658 odissent
1261 626 1406 657 veteres

116 681 322 730 dominos,
343 694 415 720 nec
444 689 615 720 amarent
644 693 776 720 novos.
809 681 904 730 Quae
927 679 1059 719 Romae
1087 680 1217 719 audita
1241 687 1345 718 metu
1369 681 1405 718 Sc

114 742 167 781 ira
202 744 460 794 impleverunt
491 743 626 782 urbem
644 773 655 790 ,
681 756 761 782 non
799 742 849 781 ob
886 742 1099 782 Sardiniam
1118 772 1145 795 ,¹
1163 754 1279 792 quam
1304 742 1405 780 tanti

114 817 193 842 non
219 804 439 850 faciebant,
466 803 530 843 sed
561 806 649 855 quia
676 803 821 843 bellum
850 804 1039 844 Punicum
1067 803 1269 843 videbatur
1298 816 1406 842 rena-

112 866 177 905 sei.
221 868 341 917 Quod
370 869 458 918 quia
483 867 633 907 facilius
662 867 835 906 futurum
861 868 1089 916 credebant,
1116 875 1260 918 quanto
1288 867 1402 907 citius

112 928 369 979 inciperetur,
404 929 584 968 invalidis
618 929 747 968 adhuc
778 943 797 968 a
829 928 1025 980 superiore
1057 929 1160 969 bello
1197 929 1403 980 Carthagi-

111 990 328 1039 nienfibus;
358 992 645 1042 quamprimum
667 993 935 1032 adornandum
949 1022 960 1040 ,
979 993 1306 1044 inferendumque
1322 993 1403 1033 Poe-

111 1053 168 1089 nis
193 1052 458 1092 decreverunt.

164 1113 274 1154 XIII.
306 1115 353 1154 At
369 1115 506 1155 Poenos
533 1114 725 1165 quidlibet
742 1116 869 1167 potius
896 1129 942 1156 eo
965 1125 1295 1168 tempore‚quam
1318 1118 1401 1158 bel-

109 1175 191 1215 lum
220 1176 442 1216 Romanum
459 1208 469 1227 ,
487 1178 564 1229 pati
593 1187 740 1228 certos,
758 1192 801 1218 ea
825 1192 882 1219 res
911 1181 1082 1220 nuntiata
1112 1180 1161 1219 fic
1185 1182 1397 1230 exterruit,

107 1249 152 1278 ut
178 1238 311 1290 legatis
335 1240 452 1280 semel
482 1243 700 1293 iterumque
718 1242 855 1291 miffis,
872 1243 1072 1293 postquam
1101 1242 1197 1281 nibil
1222 1243 1315 1282 mite
1341 1257 1400 1281 re-

107 1299 290 1351 sponsum
319 1297 432 1351 ellet,
454 1302 589 1342 decem
611 1316 657 1343 ex
680 1304 919 1354 principibus
944 1303 1083 1343 itidem
1112 1304 1246 1343 iterato
1270 1305 1396 1343 mitte-

107 1371 216 1411 rent,
236 1364 376 1403 infimis
404 1365 581 1416 precibus
598 1397 608 1411 ,
636 1379 675 1405 ηε
701 1368 884 1420 .”ηιρεεναια
909 1366 1018 1419 fleme!
1040 1382 1127 1419 pace
1148 1367 1228 1420 fini
1255 1368 1396 1415 liceret,

106 1426 369 1466 obtestaturos.
419 1429 478 1468 Ne
512 1429 560 1467 fic
589 1427 742 1479 quidem
771 1430 866 1480 aequi
892 1431 1102 1480 quidquam
1133 1430 1297 1477 obtineri
1325 1443 1396 1479 po-

105 1488 180 1527 tuit
209 1489 256 1527 ab
291 1491 393 1528 iratis
430 1492 465 1529 &
494 1491 786 1531 metuentibus:
822 1491 947 1530 donec
982 1492 1079 1530 inter
1106 1489 1252 1542 legatos
1283 1498 1394 1530 aetate

105 1551 288 1590 minimus
316 1552 457 1592 Hanno
475 1584 483 1597 ‚
501 1553 722 1593 adolescens
743 1554 956 1603 intrepidus
971 1585 981 1601 ,
1011 1556 1046 1593 &
1067 1553 1206 1605 linguae
1223 1561 1264 1592 ut
1287 1566 1392 1591 men-

103 1614 152 1652 tis
179 1613 330 1662 liberae,
368 1617 508 1668 Atqui,
543 1618 695 1667 inquit,
724 1611 763 1668 st
788 1603 900 1656 vobi?
918 1619 1016 1671 sedet
1046 1619 1213 1669 denegare
1239 1631 1358 1668 pacem
1381 1648 1391 1664 ,

103 1679 285 1727 Romani,
309 1693 412 1731 quam
438 1695 508 1719 non
543 1682 579 1719 in
610 1696 716 1719 unum
744 1695 808 1720 aut
835 1683 981 1720 alterum
1007 1697 1164 1727 annum,
1186 1680 1252 1733 fid
1273 1695 1393 1734 perpe-

103 1752 199 1778 tuam
226 1755 249 1777 a
273 1741 375 1778 vobis
400 1742 570 1781 emimus.-
595 1755 634 1781 (ιε
653 1744 803 1794 pretium
826 1744 904 1797 ejus
929 1744 1093 1783 Siciliam
1123 1744 1158 1782 t>
1188 1743 1390 1782 Sardiniam-z

101 1801 242 1840 reddite.
278 1817 319 1839 ne
352 1804 510 1855 privatis
535 1806 669 1857 quidem
695 1808 926 1845 commatribus
956 1807 1025 1844 viri
1047 1806 1128 1843 boni
1152 1806 1218 1858 est,
1243 1805 1390 1842 emtione

102 1865 257 1917 resciffit,
285 1869 427 1923 recipere
456 1885 613 1920 mercem,
636 1887 704 1910 non
734 1874 900 1925 restituere
923 1873 1119 1923 pecuniam.
1154 1870 1269 1910 Tunc
1297 1881 1388 1907 vero

103 1929 254 1976 pudore
281 1932 468 1970 commoti
498 1931 684 1980 Romani,
709 1946 758 1971 ne
785 1933 920 1982 injuste
950 1932 1095 1972 bellum
1123 1931 1262 1970 inferre
1285 1930 1390 1969 vide-

104 1997 255 2036 rentur,
282 1990 440 2031 meliore
467 2005 556 2033 cum
584 1994 761 2045 responso
797 1994 941 2049 legatos
973 1994 1194 2045 dimiserv
1207 1994 1269 2034 Sic
1294 1992 1388 2032 alter

103 2051 302 2091 consulum
329 2056 410 2103 ejus
433 2057 520 2094 anni
539 2056 576 2096 C.
595 2057 728 2097 Atilius
753 2060 793 2098 A.
811 2057 850 2098 F.
870 2060 912 2098 A.
931 2059 979 2098 N.
996 2057 1161 2103 Bulbus,
1179 2056 1242 2107 qui
1259 2055 1386 2105 manbl-

102 2112 256 2152 stratum
277 2114 380 2155 hunc
403 2117 537 2157 iterum
555 2119 723 2169 gerebat,
739 2121 776 2159 in
793 2120 900 2160 Italia
918 2121 1054 2161 maufit
1070 2134 1077 2159 :
1092 2121 1138 2161 T.
1153 2117 1323 2160 Manlius
1340 2119 1388 2159 T.

100 2172 140 2213 F.
159 2174 203 2214 T.
220 2176 265 2215 N.
284 2177 502 2228 Torquatus
519 2211 530 2225 ,
554 2182 616 2218 cui
641 2180 815 2220 Sardinia
836 2191 1038 2230 evenerat,
1055 2181 1252 2233 profectus
1277 2180 1339 2218 est..

165 2237 269 2277 XIV.
323 2240 398 2280 Hic
423 2240 553 2280 multis
582 2242 676 2282 locis
702 2255 791 2283 cum
820 2244 924 2284 hoste
952 2245 1113 2285 feliciter
1136 2243 1356 2295 congress'us
1373 2276 1384 2293 ,

97 2299 310 2342 universam
346 2303 509 2345 insulam
538 2308 715 2357 pacavit,
739 2310 952 2361 Sardosque
979 2310 1158 2361 subegit:
1200 2312 1235 2350 Sc
1266 2310 1313 2349 dc
1338 2309 1382 2347 iis

98 2367 185 2398 ante
215 2362 320 2402 diem
359 2364 508 2406 sextum
541 2368 631 2408 Idus
662 2371 817 2411 Martias
851 2373 1111 2424 triumphavit.
1164 2373 1232 2413 His
1268 2373 1380 2412 rebus

97 2422 297 2473 perfeetis,
332 2438 422 2467 curn
455 2429 563 2470 nullo
597 2433 677 2481 jam
706 2432 867 2485 usquam
906 2434 1037 2483 hoste,
1067 2435 1245 2475 Romana
1273 2446 1380 2473 arma

140 2541 163 2585 5
188 2542 262 2576 Xll.
290 2545 368 2580 Fast.
393 2547 542 2591 Capitol.
582 2551 704 2585 Zonar.
729 2553 830 2587 Oros.
852 2566 902 2589 12.
927 2557 950 2600 §
977 2557 1067 2590 XIII.
1090 2559 1158 2591 Dio
1184 2526 1236 2602 ap'.
1265 2559 1340 2592 Urs.
