1701 3008
284 200 363 253 {N
408 176 1116 277 LOC.LIB.'XV1L1V.
1289 212 1376 263 205

99 311 205 353 enim
232 313 499 352 Adranitarum
525 310 618 350 urbe
647 309 730 361 post
756 309 912 358 brevem
937 307 1175 348 obfidionem
1206 319 1273 358 per
1303 307 1384 347 vim
1442 326 1449 331 ·

103 382 243 425 capta,
271 373 542 424 Centuripinos
574 371 905 420 circumfiderent‚
926 377 1112 409 venerunt
1141 368 1189 408 ab
1215 368 1384 409 Alaefinis

101 438 217 489 legati
243 438 430 488 oppidum
455 437 566 476 suum
595 437 794 476 dedentes.
826 434 921 475 Inde
944 432 1118 472 consules
1144 431 1304 472 diversas
1325 426 1385 471 in]-

101 496 192 539 sulae
224 509 349 550 partes
377 499 559 540 obeundo
578 529 589 548 ,
616 499 735 538 modo
765 498 888 537 divifis
906 526 916 544 ‚
935 496 1053 534 modo
1076 496 1217 544 junctis
1245 495 1388 534 exerci-

104 562 230 610 tibus,
248 571 290 601 ut
313 575 370 601 res
391 563 426 602 ἃ
448 562 542 600 ratio
568 559 778 607 suadebat,
797 559 922 599 Poenis
943 556 1281 610 Syracusanisque,
1296 571 1388 608 quo-

105 629 177 666 ties
193 628 374 678 congredi
393 635 499 666 erant
514 625 587 665 aufi
601 657 614 675 ,
629 624 851 676 profligatis,
868 632 1052 663 terrorem
1074 624 1294 674 famamque
1312 623 1388 664 late

106 689 295 741 sparsere:
329 698 508 739 tantaque
534 689 727 727 fortunam
763 687 1001 737 sequentium
1029 685 1211 732 felicitas,
1240 685 1391 725 tantus-

107 765 182 803 que
212 752 376 802 impetus
407 751 504 798 fuit,
535 759 579 789 ut
607 750 724 801 paulo
751 749 834 800 post
860 749 1003 799 oppida
1035 747 1136 788 haud
1161 749 1285 787 minus
1310 748 1391 799 sep-

108 823 187 854 tem
215 817 250 854 &
275 814 469 864 sexaginta
493 822 807 861 numerarentur,
831 826 914 863 quae
937 812 1120 852 Romanae
1141 811 1231 851 fidei
1250 811 1286 850 se
1310 824 1392 862 per·
1437 858 1441 860 μ

107 876 317 918 miserant:
355 890 431 928 quo
459 877 500 916 in
525 889 684 916 numero
715 874 1033 916 Tauromenitani
1066 886 1221 928 quoque
1249 875 1285 914 Sc
1316 873 1392 913 Ca·-

108 938 273 979 tinenses
298 938 416 978 fuere.

167 1001 304 1042 XLIV.
334 1001 447 1041 Unde
473 999 646 1040 consules
671 999 890 1051 imperatis,
915 1011 998 1050 quae
1021 997 1225 1046 volebant,
1243 996 1394 1038 auxiliis

114 1064 286 1115 quotidie
314 1063 540 1111 validiores,
563 1063 611 1102 ad
639 1061 736 1113 ipsas
763 1064 842 1111 jam
872 1059 1071 1112 Syracusas
1101 1059 1219 1102 castra
1249 1072 1395 1110 ponere

113 1125 201 1165 sunt
217 1126 290 1165 ausi
306 1156 318 1173 ,
334 1125 572 1166 obsidionem
588 1125 691 1164 urbis
709 1125 950 1164 meditantes.
972 1123 1125 1174 Quibus
1142 1122 1255 1162 rebus
1279 1123 1397 1161 anim-

115 1189 276 1228 adversis
310 1189 428 1228 Hiero
449 1219 460 1236 ,
494 1200 584 1227 cum
615 1186 691 1226 suis
717 1196 830 1237 atque
860 1184 1225 1236 Carthaginiensium
1255 1183 1398 1223 viribus

117 1251 292 1290 diffidere
317 1249 515 1301 coepisset,
535 1257 714 1301 praeterea
742 1247 829 1299 plus
854 1249 957 1298 apud
976 1248 1176 1287 *Romanos
1203 1246 1276 1286 esse
1307 1246 1397 1286 fidei

118 1315 290 1353 erederet
306 1344 317 1363 ‚
339 1314 544 1353 amicitiam
576 1314 610 1352 Sc
634 1311 713 1363 ipse
738 1324 827 1350 eum
848 1309 1030 1350 Romanis
1053 1310 1147 1348 inire
1176 1308 1396 1348 constituit:

116 1376 337 1428 legatosque
362 1388 450 1415 cum
485 1375 674 1416 mandatis
701 1374 748 1414 de
773 1386 866 1424 pace
893 1373 1164 1423 componenda
1192 1371 1241 1410 ad
1268 1370 1403 1409 consu-

118 1438 173 1478 les
198 1439 309 1478 misit.
335 1439 472 1490 Neque
492 1437 678 1478 Romanis
704 1435 930 1488 displicebat
952 1436 1162 1476 Hieronem
1179 1447 1200 1474 a
1220 1428 1402 1474 societate

118 1501 262 1543 Punica
279 1500 494 1551 disjungere
510 1515 520 1548 3
545 1499 713 1539 maxime
739 1507 778 1538 ut
794 1511 851 1537 res
867 1497 1074 1537 annonaria
1092 1496 1165 1536 suis
1188 1496 1404 1548 legionibus

120 1563 335 1614 expeditior
351 1562 452 1602 esset.
490 1563 592 1603 Nam
614 1559 985 1612 Carthaginiensibus
1013 1572 1116 1598 mare
1142 1558 1406 1611 obtinentibus

121 1639 170 1666 ex
188 1624 297 1666 Italia
318 1624 506 1664 transvehi
528 1632 764 1663 commeatus
785 1622 1022 1673 nequibant;
1047 1623 1082 1662 δί
1105 1621 1153 1661 ab
1179 1634 1219 1661 ea
1243 1635 1281 1661 re
1307 1622 1406 1673 prio-

120 1688 170 1727 ris
197 1687 284 1726 anni
313 1686 451 1728 consul
467 1686 550 1736 plus
572 1685 853 1737 propemodum
874 1715 884 1734 ,
912 1698 1025 1735 quam
1053 1684 1101 1723 ab
1128 1683 1322 1733 hostibus,
1353 1685 1407 1723 in-

124 1749 322 1789 commodi
346 1749 600 1800 molestiaeque
624 1747 866 1800 persenserat.
907 1747 1078 1788 Hierone
1096 1760 1185 1786 vero
1203 1747 1407 1796 adjuncto,

125 1811 403 1864 Syracusanum
428 1825 585 1863 regnum
600 1842 611 1860 ,
629 1810 839 1851 abundanti
866 1809 1019 1860 frugum
1045 1809 1155 1860 copia
1171 1840 1182 1858 ‚
1200 1822 1257 1849 res
1281 1807 1408 1848 neces-

126 1874 238 1914 sarias
265 1874 447 1914 Romanis
474 1874 621 1914 affatim
642 1882 722 1913 erat
745 1872 1003 1924 prrebiturum.

193 1937 312 1977 XLV.
353 1937 486 1988 ltaque
515 1937 662 1989 legibus
693 1936 751 1975 his
778 1935 1008 1975 transactum
1031 1948 1039 1974 :
1070 1946 1108 1972 ut
1131 1934 1245 1973 Hiero
1272 1948 1343 1986 quae
1370 1935 1412 1973 de

128 2000 305 2039 Romanis
331 2000 483 2052 sociisve
516 2015 628 2039 eorum
663 2000 764 2047 loca,
793 2001 940 2053 quosque
975 1998 1129 2036 homines
1154 1995 1312 2050 cepiffet,
1339 1997 1415 2048 fine

124 2061 238 2117 predo
266 2061 473 2114 restitueret:
499 2063 699 2116 argentique
727 2062 862 2101 talenta
887 2072 1017 2100 ceritum
1038 2061 1208 2113 penderet.
1242 2060 1319 2112 Ipse
1339 2070 1414 2097 rulo

130 2124 308 2176 imperaret
325 2124 508 2176 Syracusis
522 2154 532 2172 ‚
556 2125 734 2176 ceterisque
748 2123 965 2176 Syracu—fimi
977 2121 1074 2175 juris
1094 2121 1245 2158 urbibus.
1272 2132 1316 2158 ex
1335 2119 1417 2170 qui-

131 2183 204 2223 bus
242 2192 349 2223 erant
386 2185 587 2235 praecipuae
622 2186 752 2233 Acrae,
780 2183 1008 2229 Leontium,
1036 2181 1215 2231 megara,
1253 2180 1416 2230 Eletus,

131 2245 291 2294 Netini,
311 2246 626 2286 Tauromenium.
658 2244 807 2294 Legatis
829 2243 969 2283 deinde
988 2242 1035 2282 ab
1059 2243 1226 2283 Hierone
1252 2243 1419 2283 Romam

136 2306 402 2354 venientibus,
434 2308 577 2347 eaedem
615 2308 860 2346 conditiones
885 2319 971 2345 ratae
1001 2306 1179 2352 fuerunt,
1205 2316 1420 2355 pacemque

135 2382 223 2409 cum
242 2383 288 2409 eo
305 2371 410 2421 Rege
429 2371 653 2411 servandam
681 2374 715 2411 ἃ
741 2373 900 2412 Senatus
927 2369 1095 2418 censuit3
1120 2371 1155 2410 δι
1176 2369 1258 2421 post
1278 2381 1422 2420 paucos

184 2499 204 2534 (ζ
229 2498 345 2530 xmu.
370 2498 490 2533 Tabul.
507 2499 608 2533 Rom.
634 2499 735 2533 Diod.
750 2500 816 2533 Rei.
840 2501 861 2533 1.
886 2509 938 2543 ²3
955 2498 1077 2531 Zonar.
1096 2499 1116 2535 S
1142 2496 1262 2531 XL'V.
1281 2497 1423 2541 Eutrop-

139 2543 840 2591 1.2.Diol.1³01>b.1,10.Pansaml.
864 2544 895 2580 6.
918 2542 1019 2582 Diod
1048 2543 1116 2581 Ecl.
1134 2544 1158 2582 l,
1184 2552 1238 2589 23.
