1701 3008
285 184 344 233 50
632 156 1197 210 TITILIVII

280 272 542 325 temeritatis
581 269 734 334 facit)
774 267 912 315 castra
945 268 1153 314 Romana
1195 279 1474 329 oppugnare.
1516 264 1568 311 δε

279 365 538 414 quanquam
570 362 665 392 non
700 342 831 389 venit
857 341 913 388 ad
944 339 1082 387 finem
1110 351 1198 385 tam
1233 338 1385 385 audax'
1407 331 1568 400 incep'-

281 434 379 470 tum
393 457 407 480 ‚
434 434 579 467 tamen
598 416 716 463 haud
741 413 935 461 omnino
953 429 1121 461 vanum
1141 411 1238 457 fuit.
1275 409 1451 456 Nebula
1474 421 1569 457 erat

282 495 339 542 ad
370 492 561 539 multum
593 487 682 535 diei
708 486 842 534 densa
869 485 1012 544 adeo,
1043 496 1093 530 ut
1122 483 1234 531 lueis
1257 482 1387 529 usum
1422 481 1568 544 eripe-

280 581 377 622 ret,
416 580 512 609 non
544 559 784 624 prospeSm
820 557 964 603 modo
996 568 1122 602 extra
1153 554 1322 603 vallum
1355 553 1533 599 ademto
1553 588 1570 612 ‚

280 637 355 684 sed
383 635 645 699 propinquo
676 632 811 678 etiam
835 628 1226 693 congredientium
1246 628 1362 673 inter
1390 624 1432 672 se
1454 641 1571 672 con-

281 710 445 773 spedhi,
478 711 574 755 Hac
607 707 736 755 velut
772 705 940 751 latebra
967 702 1224 749 insidiarum
1255 700 1358 747 freti
1389 700 1570 747 Samni-

279 795 377 842 tes,
410 783 597 829 vixdum
632 780 732 827 satis
766 790 886 827 certa
916 777 1048 834 luce,
1075 778 1136 824 v&
1165 792 1264 822 eam
1296 772 1433 837 ipsam
1465 788 1571 833 pre-

281 867 433 903 mente
463 852 679 916 caligine,
716 852 773 898 ad
801 849 1038 897 stationem
1072 849 1329 886 Romanam
1361 847 1409 886 in
1437 853 1572 903 porta

282 926 475 984 segniter
488 936 693 989 agentem
708 921 884 983 vigilias
901 913 1189 979 perveniunt.
1210 913 1466 974 Improviso
1487 931 1572 977 op-

280 990 436 1056 pressis
464 1007 547 1038 nec
575 996 714 1039 animi
740 991 840 1038 satis
870 989 925 1036 ad
952 985 1266 1040 resistendum,
1299 999 1384 1026 nec
1401 984 1573 1028 virium

282 1064 384 1112 suit.
420 1060 491 1107 Ab
522 1072 649 1120 tergo
677 1057 921 1103 castrorum
951 1059 1196 1103 decumana
1221 1064 1355 1116 porta
1379 1050 1574 1115 impetus

284 1136 438 1183 faffiis.
473 1132 619 1195 itaque
638 1141 820 1192 captum
841 1127 1162 1192 quaestorium:
1195 1125 1480 1188 quaestorque
1507 1126 1575 1173 ibi

284 1210 333 1255 L.
362 1202 741 1270 Opimius'Pansa
773 1200 964 1250 occisus.
1014 1199 1348 1247 conclamatum
1382 1197 1487 1244 inde
1515 1197 1576 1245 ad

284 1299 420 1330 arma.

363 1353 578 1400 XXXIII.
623 1348 832 1408 Consul,
872 1347 1067 1396 tumultu
1107 1345 1310 1403 excitu8‚
1351 1343 1574 1392 cohortes

284 1428 394 1475 duas
415 1425 642 1472 sociorum
658 1460 672 1482 ‚
695 1426 920 1471 Lucanam
948 1420 1287 1483 Suessanamque
1303 1454 1317 1476 ‚
1341 1434 1442 1481 quae
1463 1433 1575 1479 pro-

285 1504 420 1550 ximae
453 1501 572 1549 forte
599 1511 726 1547 erant
745 1535 760 1558 ‚
799 1498 914 1546 tueri
943 1494 1205 1560 praetorium
1232 1493 1390 1556 jubet:
1425 1491 1575 1539 mani-

285 1573 420 1638 puios
453 1573 683 1636 legionum
717 1569 956 1634 principali
975 1568 1050 1618 via
1070 1566 1258 1614 inducit.
1283 1565 1487 1611 Vixdum
1507 1562 1574 1611 sa-

287 1647 344 1693 tis
363 1645 522 1708 aptatis
542 1644 674 1692 armis
691 1679 706 1702 ,
734 1643 782 1689 in
805 1641 987 1689 ordines
1017 1651 1150 1688 eunt:
1183 1640 1234 1686 &
1254 1637 1454 1684 clamore
1481 1653 1576 1684 ma·
1631 1661 1633 1671 ·

287 1720 383 1784 gis,
414 1737 545 1782 quam
575 1717 751 1774 oeulis,
784 1715 958 1762 hostem
988 1712 1207 1759 noscunt:
1242 1727 1352 1768 nec,
1382 1720 1578 1772 quantus

287 1809 501 1838 numerus
526 1790 608 1848 fit,
642 1788 848 1835 aestimari
882 1785 1044 1849 potest.
1090 1783 1270 1831 Cedunt
1309 1782 1461 1844 primo
1501 1782 1578 1831 ΞηωΙ

288 1864 399 1912 certi
430 1863 624 1911 fortunae
650 1861 765 1919 suae,
796 1860 846 1906 &
876 1857 1049 1904 hostem
1079 1853 1323 1902 introrsum
1359 1853 1406 1899 in
1427 1853 1576 1900 media

286 1935 431 1982 castra
466 1935 709 1997 accipiunt.
751 1931 854 1978 inde
886 1946 989 1976 cum
1021 1926 1181 1975 consul
1211 1924 1579 1983 vociferaretur,

288 2008 499 2071 expulstne
517 2024 634 2053 extra
657 2010 817 2052 vallum
838 2038 852 2061 ,
869 2003 996 2069 castra
1017 2002 1162 2046 deinde
1178 2000 1267 2059 fica
1296 1999 1577 2058 oppugnaturi

289 2080 409 2143 qffem
424 2116 439 2136 ‚
457 2081 685 2143 rogitans;
714 2079 911 2126 clamore
937 2074 1113 2121 sublato
1134 2071 1309 2119 connisi
1337 2070 1486 2133 primo
1506 2086 1577 2116 re-

289 2152 466 2199 sistunt:
503 2153 663 2199 deinde
686 2151 885 2198 inferunt
915 2148 1072 2211 pedem
1104 2157 1382 2209 urgentque,
1407 2144 1458 2189 &
1489 2142 1581 2193 im-‚

290 2223 444 2286 pulsos
473 2223 604 2271 semel
621 2239 792 2270 terrore
823 2222 983 2268 eodem
1007 2230 1146 2283 agunt
1159 2215 1177 2277 ‚⁷
1204 2233 1297 2280 quo
1324 2227 1580 2278 coeperunt.

291 2296 535 2358 Expellunt
570 2309 694 2342 extra
730 2306 908 2358 portam
947 2292 1220 2354 vallumque.
1258 2288 1361 2335 inde
1394 2304 1580 2352 pergere

293 2387 345 2417 ac
366 2369 569 2432 persequi
592 2370 724 2433 (quia
754 2370 930 2416 turbida
952 2370 1030 2415 lux
1062 2378 1228 2413 metum
1251 2364 1371 2411 circa
1400 2364 1580 2414 infidias

293 2457 392 2490 mm
417 2439 639 2503 faciebat)
667 2456 761 2486 non
789 2440 908 2501 ausi,
936 2438 1131 2487 liberati&
1159 2437 1313 2488 castris
1344 2435 1578 2495 contenti»,
