1701 3008
312 213 404 262 288
471 208 1099 265 JO.FRVE{NSHEM{1
1145 207 1498 256 SUPPLEM.

308 323 353 361 in
378 331 557 370 magnam
592 316 837 356 altitudinem
867 313 906 353 se
935 313 1068 364 erigit,
1092 327 1172 353 non
1196 314 1302 354 tenui
1328 315 1500 366 fastigio,
1527 315 1596 357 feci

306 382 473 433 spatium
501 388 656 417 centum
675 376 760 427 plus
777 377 905 414 minus
922 375 1131 414 stadiorum
1158 375 1388 426 complexo:
1413 377 1495 427 quae
1513 385 1597 416 tota

305 445 414 493 regio
440 441 569 492 pecori
597 438 736 478 alendo
765 437 1014 489 frugibusque
1040 439 1209 479 serendis
1236 440 1425 491 aptissima
1450 441 1525 488 est,
1551 450 1595 479 ut

306 520 390 556 quae
421 505 576 544 marinis
604 502 756 543 flatibus
784 509 1004 552 opportune
1026 502 1210 559 adversa,
1238 503 1420 553 pestiferis
1448 506 1597 543 anima-

306 569 414 609 libus
437 568 618 607 omnibus
633 575 756 607 vacat.
781 565 931 606 Ibidem
948 578 1103 606 verruca
1125 568 1302 617 quaedam
1321 567 1495 618 assurgit,
1511 580 1596 618 quae

306 635 345 672 ἃ
378 633 473 672 arcis
500 633 651 678 vicem,
679 632 715 670 &t
742 628 906 680 speculae
935 631 977 668 in
1008 630 1277 679 circumjecstos
1307 642 1465 681 campos
1494 631 1597 670 obti-

302 707 397 734 nere
425 701 551 744 queat.

371 756 559 796 XXXIV.
608 754 769 803 Adjacet
805 761 938 804 portus
965 766 1150 804 perquam
1182 728 1294 805 aptus
1320 753 1499 805 Drepano
1531 760 1597 793 aue

301 819 477 872 ‘Lilybaeo
499 817 650 858 ltaliam
674 817 874 867 petituris
905 829 995 855 cum
1017 830 1114 867 aqua
1140 817 1245 856 dulci
1262 817 1429 867 copiosa.
1456 817 1598 857 Tribus

303 882 466 921 omnino
496 881 565 920 viis
592 880 658 918 iste
684 891 794 918 mons
825 879 917 918 adiri
948 880 1101 930 potest:
1130 893 1151 918 a
1178 888 1278 919 terra
1301 881 1379 919 duo
1406 880 1598 919 sunbadi-

303 952 395 992 ωε,
426 957 525 983 unus
553 957 572 983 a
603 942 718 989 mari,
739 942 806 981 sed
825 954 959 981 omnes
985 941 1166 992 impediti
1183 942 1490 992 &perdifficiles.
1518 943 1616 983 Hic·-

302 1008 423 1048 castra
447 1006 589 1046 locavit
610 1004 831 1051 Hamilcar,
849 1004 986 1043 audaci
1011 1003 1125 1054 plane
1148 1003 1302 1044 confilio
1317 1035 1328 1052 ,
1350 1018 1439 1044 cum
1459 1004 1596 1044 urbem

302 1071 449 1111 sociam
475 1068 620 1108 habens
645 1067 805 1107 omnino
832 1065 981 1106 nullam
1007 1067 1049 1105 in
1071 1067 1222 1106 medios
1246 1067 1371 1107 hostes
1396 1068 1432 1107 se
1456 1068 1595 1107 demit-

302 1142 425 1173 teret:
456 1132 521 1172 sed
548 1131 764 1170 munitione
791 1129 869 1169 loci
897 1129 1042 1180 suaque
1073 1130 1212 1170 virtute
1236 1133 1272 1171 Sc
1288 1131 1427 1182 peritia
1447 1131 1501 1170 rei
1524 1132 1596 1170 mi-

302 1196 421 1236 litaris
450 1194 637 1243 confisus,
661 1193 872 1244 plurimum
896 1193 1041 1244 negotii
1066 1192 1254 1232 Romanis
1279 1193 1481 1241 exhibuit,
1505 1193 1594 1233 Car-

301 1257 676 1313 thaginienssumque
705 1269 764 1295 res
795 1254 907 1295 valde
945 1254 1217 1304 confirmavit,
1243 1270 1326 1306 quae
1360 1258 1439 1305 Jam
1474 1256 1592 1295 etiam

303 1322 412 1362 domi
437 1320 524 1360 satis
542 1319 721 1371 prospere
743 1319 798 1358 ire
818 1325 1028 1368 coeperant.
1060 1319 1239 1372 Namque
1266 1319 1473 1358 Poenorum
1495 1317 1594 1357 alius

303 1385 383 1425 dux
414 1384 583 1431 Hanno,
609 1383 672 1421 cui
711 1394 800 1421 cum
830 1380 1052 1421 Hamilcare
1078 1381 1228 1420 virtutis
1263 1390 1342 1421 erat
1377 1380 1593 1430 aemulatio,

301 1445 432 1498 gloriae
457 1445 636 1496 parandae
668 1442 800 1491 causa,
824 1442 935 1481 fimul
963 1451 1006 1481 ut
1034 1442 1196 1481 militem
1221 1442 1316 1481 citra
1341 1442 1478 1481 sumtu·
1474 1457 1509 1481 n
1536 1442 1592 1481 ci·

299 1507 428 1548 vitatis
454 1520 501 1546 ex
530 1506 677 1544 hostico
702 1505 843 1554 aleret,
867 1496 1047 1555 belloque
1076 1512 1296 1553 exerceret,
1316 1505 1445 1546 Libxae
1467 1506 1593 1555 parti,

301 1583 386 1619 quae
415 1569 518 1606 circa
542 1567 844 1618 Hecatompylon
873 1566 950 1615 est,
975 1580 1080 1606 arma
1108 1566 1312 1615 intulerat3
1343 1569 1378 1606 ὅτ.
1407 1566 1500 1605 urbe
1524 1580 1593 1617 po-

301 1628 416 1676 titus,
445 1627 620 1666 obsidum
647 1627 717 1665 tria
745 1625 864 1664 millia
897 1625 1169 1676 Carthaginem
1202 1626 1424 1665 deduxerat.
1455 1628 1592 1676 Neque

269 1720 271 1728 ,
299 1697 431 1729 tamen
458 1688 726 1739 usquequaque
752 1700 809 1726 res
832 1689 886 1727 eis
902 1687 995 1728 laetae
1020 1701 1065 1727 eo
1084 1697 1258 1738 tempore
1282 1688 1399 1727 fuere.
1433 1690 1594 1739 Quippe

300 1753 344 1794 L.
373 1752 528 1793 Caecilio
564 1752 603 1792 L.
636 1751 674 1791 F.
707 1751 748 1791 C.
782 1751 831 1791 N.
859 1750 1020 1791 Metello
1052 1750 1291 1799 secundum,
1323 1752 1441 1790 Num.
1471 1750 1589 1790 Fabio

302 1818 360 1863 M.
377 1819 416 1858 F.
434 1819 489 1858 M.
504 1819 552 1858 N.
572 1819 743 1857 Buteone
765 1815 866 1856 Coff.
890 1818 1127 1867 privatorum
1150 1817 1289 1868 opibus
1313 1825 1443 1867 parata
1468 1815 1590 1855 classis

301 1881 471 1923 Africam
496 1882 667 1920 vastavit.

355 1944 524 1984 XXXV.
559 1945 788 1994 Quanquam
817 1942 920 1981 enim
945 1943 1104 1982 Senatus
1124 1941 1261 1980 iterum
1279 1940 1466 1979 abstinere
1492 1940 1590 1979 mari

301 2004 546 2052 decreverat,
576 2004 722 2044 civibus
746 2012 877 2043 tamen
902 2004 941 2042 id
976 2002 1257 2054 postulantibus
1286 2001 1489 2052 navigandi
1515 2016 1591 2052 po-

299 2066 473 2104 testatem
499 2066 617 2105 fecit:
654 2079 696 2105 ea
722 2066 970 2113 conditione,
993 2073 1034 2103 ut
1061 2078 1175 2104 naves
1200 2077 1246 2103 ex
1268 2063 1425 2114 publico
1453 2068 1591 2112 accep-

300 2134 357 2166 tas
385 2128 646 2177 restituerent3
664 2128 832 2179 praedam
850 2127 1038 2166 servarent
1065 2127 1142 2166 fibi.
1175 2127 1238 2166 Sic
1253 2125 1353 2164 saffra
1372 2124 1491 2163 claffis
1509 2136 1587 2162 non

301 2193 605 2241 contemnenda,
627 2191 801 2231 litoribus
819 2190 1001 2230 Africanis
1023 2188 1188 2228 multum
1203 2189 1356 2227 terroris
1380 2188 1588 2237 damnique

299 2254 452 2295 intulit:
477 2255 542 2294 sed
571 2258 607 2295 <Sc
634 2256 855 2305 Hipponem
885 2254 1074 2305 Regium„
1100 2253 1235 2291 urbem
1261 2263 1339 2289 non
1366 2263 1386 2288 e
1403 2249 1586 2289 viliffimis

299 2317 450 2363 adorti,
481 2331 593 2357 naves
628 2317 936 2367 Hipponenfium
968 2318 1001 2355 ὃ(
1031 2315 1191 2354 aedificia
1226 2311 1347 2351 multa
1376 2313 1463 2362 igne
1497 2324 1589 2349 con--

296 2395 312 2418 1
346 2379 522 2419 vaserunt.
569 2379 779 2430 Regreffuri
811 2379 972 2425 deinde,
1001 2390 1089 2417 cum
1119 2376 1265 2415 exitum
1290 2383 1421 2426 portus
1444 2373 1586 2412 catenis

298 2504 550 2584 D‘stlXXHL
574 2503 718 2548 Appian.
740 2515 795 2548 ap.
822 2501 898 2537 Urs.
919 2501 1038 2547 Polyb.
1059 2500 1212 2545 Barclay.
1237 2500 1260 2544 §
1286 2498 1442 2535 XXXIV.
1465 2496 1584 2540 Polyb,

336 2560 368 2583 ιο
395 2573 402 2583 .
438 2572 445 2582 .
465 2559 520 2590 24.
