1701 3008
294 151 386 224 20'8
455 174 545 221 Jo.
592 165 1092 218 FRfflNsHEMu
1131 163 1472 219 SUPPLEM.

293 282 384 334 rati,
414 280 464 320 ad
489 278 622 318 urbem
642 276 928 327 Agrigentinam
950 275 1040 314 totis
1057 274 1200 314 viribus
1223 265 1471 314 obsidendam
1492 271 1578 314 ani-'

293 355 402 382 mum
429 340 663 388 adjecerunt.
694 337 786 376 Eam
814 336 926 375 rebus
951 335 1131 374 omnibus
1155 334 1261 374 Poeni
1291 333 1492 385 largillime
1517 335 1574 374 in-

291 406 525 450 struxerant,
556 399 647 439 belli
673 411 799 438 arcem
829 398 1006 438 habituri.
1046 397 1202 448 Quippe
1237 409 1327 436 cum
1360 397 1572 438 Hieronem

292 466 340 506 ab
367 462 537 503 amicitia
561 460 625 500 sua
652 459 854 507 defecisse,
884 460 1079 499 Romanos
1115 466 1250 497 contra
1279 471 1358 497 non
1386 458 1574 508 perfunc-

291 528 391 566 torie
411 535 539 563 rer-um
563 521 776 562 Sicularum
794 534 925 561 curam
950 520 1139 570 capessere
1160 529 1384 569 cernerent3
1411 520 1572 569 diligen-

291 589 389 627 tiore
423 586 472 624 ad
495 583 642 623 bellum
672 590 858 633 apparatu
876 594 974 633 opus
998 581 1073 620 ess'e
1099 581 1198 628 rati,
1224 579 1393 631 primum
1417 579 1574 631 quidem

291 647 533 702 praesentium
548 646 689 684 virium
705 646 891 693 majorem
908 650 1057 692 partem
1076 642 1115 680 in
1137 641 1351 681 Sardiniam
1369 641 1573 687 miserunt,

292 725 375 762 quae
399 707 518 749 Italiae
552 705 729 745 litoribus
754 704 1014 751 insidiaretur,
1040 711 1085 741 ut
1112 701 1186 741 hoc
1210 709 1317 740 metu
1348 700 1478 741 Sicilia
1501 700 1576 739 Ro-

292 783 428 812 manos
464 766 753 814 abstraherent3
793 773 858 804 aut
887 772 988 803 certe
1022 762 1261 810 minoribus,
1295 773 1410 812 quam
1438 757 1576 801 voluis-

290 834 398 880 sent,
429 830 552 880 copiis
585 841 664 868 rem
701 827 754 866 ibi
785 839 913 877 gerere
941 824 1134 876 cogerent.
1185 823 1286 864 Mox
1317 824 1499 864 Romanis
1526 824 1576 863 ad

290 897 358 936 sua
381 893 546 939 tuenda,
577 889 823 939 Siciliamque
858 901 958 926 novo
992 899 1081 924 cum
1116 886 1287 924 exercitu
1325 885 1576 935 repetendam

291 956 430 1009 pariter
455 950 727 992 sufficientibus
742 980 753 998 ,
781 949 845 999 spe
874 949 940 987 ista
964 947 1068 995 falfi,
1086 959 1132 985 ex
1153 945 1352 996 Liguribus
1383 945 1574 996 Gallisque

293 1015 473 1058 mortales
499 1012 666 1059 multos,
697 1012 763 1050 sed
798 1010 925 1061 plures
952 1008 1079 1048 adhuc
1110 1021 1159 1048 ex
1187 1007 1573 1058 Hispania'inercede
1621 1030 1628 1036 -

293 1079 527 1124 conductos,
551 1072 660 1113 fimul
690 1085 816 1111 rerum
839 1072 887 1110 ad
911 1070 1055 1109 vietum
1075 1067 1365 1107 necessariarum
1391 1082 1573 1120 magnam

293 1141 470 1192 copiam,
495 1137 746 1187 Agrigentum
778 1132 962 1172 miserunt
985 1144 993 1171 :
1025 1130 1080 1169 ibi
1109 1129 1289 1169 horreum
1314 1129 1499 1176 annonae,
1518 1141 1574 1168 re-

292 1209 449 1253 ceptum
470 1198 710 1237 exercituum
726 1194 879 1233 suorum
898 1191 970 1231 eise
990 1189 1183 1238 volentes,
1199 1189 1308 1237 loco,
1332 1191 1367 1229 ὃ(
1389 1196 1572 1239 opportu-

291 1266 412 1304 nitate
444 1261 558 1308 situs,
591 1261 626 1298 Sc
662 1249 929 1308 magnitudine
961 1253 1121 1305 oppidi,
1151 1266 1227 1302 prae
1257 1252 1390 1291 ceteris
1417 1264 1500 1302 quae
1534 1251 1573 1290 in

291 1325 420 1369 Sicilia
453 1321 707 1374 possiderent,
737 1319 796 1358 his
826 1317 948 1357 usibus
978 1315 1289 1358 accommodato.

346 1389 391 1429 L,
411 1387 569 1426 Circum
595 1383 696 1422 hanc
717 1383 834 1432 igitur
855 1380 990 1419 urbem
1012 1387 1092 1417 tota
1109 1376 1201 1417 belli
1226 1375 1328 1416 mole
1354 1378 1571 1423 contracta,

292 1448 485 1495 consules,
501 1445 627 1487 Poenis
642 1446 739 1483 intra
763 1443 996 1482 munitiones
1018 1439 1221 1491 compulsis
1235 1469 1248 1487 ,
1273 1439 1319 1477 ad
1339 1450 1460 1477 unum
1482 1438 1572 1476 inde

293 1511 455 1554 milliare
473 1508 598 1547 'castra
621 1506 763 1546 locant.
792 1505 906 1545 Erant
933 1511 1016 1542 tum
1039 1502 1079 1540 in
1106 1500 1204 1551 agri&
1233 1508 1386 1538 maturae
1409 1499 1537 1549 fruges
1555 1528 1569 1544 ,

296 1577 333 1614 ἃ
356 1571 444 1622 quia
463 1569 685 1609 diuturnam
708 1567 790 1606 fore
812 1564 1047 1603 obsidionem
1074 1559 1311 1611 apparebat,
1338 1558 1477 1598 milites
1498 1561 1571 1598 stu-

296 1636 361 1676 dio
387 1629 605 1672 demetendi
643 1627 927 1680 colligendique
960 1625 1166 1670 frumenti,
1197 1622 1348 1671 longius
1380 1623 1415 1660 8(
1441 1620 1572 1658 incau-

294 1699 520 1744 tius‚quam
541 1691 647 1730 hoste
671 1699 750 1729 tam
769 1689 981 1739 propinquo
1009 1699 1073 1737 par
1090 1684 1200 1731 ellet,
1225 1682 1470 1733 vagabantur.
1499 1683 1574 1721 Nc-

296 1771 370 1810 que
402 1744 731 1804 Carthaginienses
766 1752 944 1801 imperite
973 1758 1039 1788 aut
1072 1747 1232 1798 segniter
1257 1745 1455 1785 occasione
1483 1745 1535 1784 usi
1553 1776 1566 1794 ‚

294 1831 475 1871 magnam
506 1814 714 1854 intulissent
746 1813 924 1860 cladem,
951 1811 1017 1850 nili
1051 1809 1278 1849 tantundem
1303 1808 1444 1846 virtute
1474 1807 1573 1846 resti-

295 1881 450 1923 tuill'ent
472 1877 637 1917 Romani
661 1874 829 1921 milites,
849 1880 1034 1924 quantum
1058 1870 1287 1921 negligentia
1315 1868 1572 1922 perdiderant.

297 1944 395 1984 Cum
417 1942 519 1981 enim
542 1941 836 1980 frumentatores
856 1935 1025 1974 subitum
1048 1932 1163 1972 hostis
1186 1933 1374 1982 impetum
1398 1929 1575 1968 sustinere

234 2015 237 2018 ⁴
296 2017 377 2045 non
408 2001 638 2053 potuiffent‚
664 1999 770 2039 Poeni
791 1998 840 2037 ad
861 1997 938 2047 ipsa
969 1995 1083 2034 castra
1108 1994 1281 2034 Romana
1304 1998 1574 2041 perrexerunt,

297 2064 493 2114 divisoque
510 2063 660 2114 agmine
686 2060 843 2111 quidam
867 2058 1011 2097 vallum
1032 2056 1243 2096 rescindere
1264 2053 1475 2104 parabant3
1504 2051 1571 2090 alii

298 2139 388 2165 cum
414 2126 570 2164 statione
594 2137 662 2174 pro
686 2123 810 2161 castris
836 2121 960 2160 locata
985 2119 1164 2170 proelium
1182 2115 1439 2155 conserebant.
1461 2113 1575 2169 Tunc

298 2190 433 2240 igitur,
459 2189 552 2227 sicut
579 2186 670 2226 alias
697 2185 818 2235 saepe,
845 2183 990 2222 militiae
1014 2182 1115 2232 leges
1144 2183 1176 2220 8<
1203 2173 1444 2229 incorruptus
1466 2176 1575 2214 disei-

297 2250 412 2302 plinae
445 2249 570 2300 rigor,
597 2260 680 2286 rem
709 2245 917 2297 ancipitem
955 2245 990 2284 δε
1029 2242 1145 2282 exitio
1180 2232 1349 2279 ‘Romani
1386 2236 1573 2276 exereitus

301 2311 494 2357 casuram,
525 2310 657 2348 erexit.

351 2371 413 2412 LI.
449 2370 567 2420 Quod
587 2369 689 2408 enim
711 2379 935 2417 quacunque
951 2367 998 2406 de
1023 2363 1133 2404 causa
1156 2362 1353 2401 stationem
1369 2359 1570 2399 deseruisse

347 2487 369 2531 5
395 2483 515 2519 XLIX,
539 2483 661 2518 Zonar.
686 2482 804 2527 Polyb.
