1701 3008
258 188 341 237 IN
389 186 955 237 Loc,r,1ss.x1x
1009 187 1147 235 mv.
1285 204 1371 252 273

76 297 291 351 proditionis
310 297 436 350 inflzmi
451 298 588 336 crimine
596 297 637 350 [ἐ
660 296 950 335 commaculantes
961 328 972 343 ‚
986 294 1021 334 δ’
1037 296 1110 334 diis
1126 294 1160 333 G·
1180 294 1378 339 hominibus

79 361 233 411 adversis
263 363 397 398 aeluros
420 358 494 411 effe.
537 356 659 398 Simul
685 358 861 408 pecuniae
887 367 1073 407 quantum
1103 368 1240 408 cogere
1266 358 1377 396 istam

82 417 182 459 inter
211 421 510 472 trepidationem
532 430 731 471 potuerat,
751 419 917 459 dividit:
943 421 985 457 de
1000 421 1235 472 gregariorum
1249 420 1381 474 stipen-

80 483 180 530 diis,
214 496 253 520 ut
287 498 391 536 quam
425 483 621 522 maturrime
652 481 842 534 solvantur
860 512 872 530 ‚
901 483 971 533 fibi
1006 496 1093 520 curce
1125 482 1288 534 ficturum
1317 479 1380 534 effi

81 544 260 596 spondet.

138 607 203 647 VI.
235 606 382 657 Magna
409 605 463 644 vis
490 604 674 644 orationis
701 604 754 643 est
778 604 818 643 in
842 612 1017 654 tempore
1044 601 1254 651 adhibitae,
1280 614 1382 653 pra:-

82 667 216 708 sertim
246 668 269 706 {i
300 668 491 718 gravitate
521 679 674 704 morum
711 665 805 704 fides
836 665 1002 704 sermoni
1031 665 1290 704 concilietur:
1323 663 1385 703 as-

84 732 175 772 sensi
200 739 301 770 certe
325 730 414 769 sunt
439 727 623 776 universi,
648 739 884 777 operamque
910 725 1017 765 suam
1045 727 1095 766 ad
1124 727 1383 766 continendos

85 795 127 834 in
152 792 280 833 officio
312 790 454 830 milites
482 780 657 829 alacriter
683 788 921 828 obtulerunt.
954 789 1125 829 Himilco
1149 788 1327 828 laudatos
1349 791 1386 827 ἃς

83 854 265 905 ampliori
295 851 360 903 spe
386 851 560 891 incensos
586 851 634 888 ire
667 849 841 903 confestim
866 852 916 889 ad
937 853 1028 905 filos
1052 866 1213 903 quemque
1244 850 1383 900 jubet,

85 931 287 971 operamque
307 918 411 962 dare,
433 926 472 952 ut
487 915 524 951 in
541 913 616 963 fide
631 923 734 963 atque
743 913 910 964 potestate
925 913 1024 964 fint:
1047 912 1168 951 mittit
1184 924 1259 950 una
1276 911 1386 952 Han-

84 977 277 1021 nibalem,
293 977 415 1016 filium
441 976 523 1024 ejus
542 972 794 1022 Hannibalis,
814 975 879 1023 qui
897 974 937 1012 in
957 974 1132 1014 Sardinia
1147 975 1331 1025 perierat,
1347 976 1385 1014 &

85 1041 274 1083 Achaeum
303 1039 545 1080 Alexonem:
583 1034 693 1075 illum
725 1037 774 1076 ad
814 1036 947 1076 Gallos
966 1068 975 1084 ‚
1011 1037 1153 1087 quibus
1185 1050 1233 1077 ex
1262 1036 1384 1077 veteri

87 1103 318 1144 commilitio
341 1111 455 1141 notus
480 1103 516 1140 &
545 1108 727 1150 acceptus
764 1110 871 1139 erat:
905 1098 1120 1139 Alexonem
1153 1099 1200 1138 ad
1235 1111 1385 1139 ceteros

86 1168 183 1207 varii
211 1166 358 1219 generis
389 1162 673 1210 mercenarios,
703 1161 886 1201 omnibus
914 1174 960 1199 ex
1000 1174 1109 1211 aequo
1137 1173 1268 1200 carum
1302 1175 1387 1214 gra-

87 1239 263 1280 tumque.
306 1227 358 1268 Hi
383 1225 502 1266 fidem
534 1224 642 1263 suam
672 1225 983 1275 interponentes,
1009 1236 1088 1263 rata
1106 1224 1189 1278 fbre
1218 1239 1292 1277 quae
1311 1225 1389 1264 Hi-

87 1291 191 1330 milco
205 1288 406 1345 promififfit
422 1320 434 1337 ‚
451 1289 653 1339 negotium
678 1287 776 1326 adeo
804 1300 853 1326 ex
882 1286 1068 1326 sententia
1096 1287 1315 1338 perfecere,
1345 1293 1386 1326 ut

88 1351 208 1404 paulo
232 1350 316 1402 post
336 1348 502 1390 reversos
533 1350 581 1388 ad
606 1350 751 1388 moenia
783 1350 998 1399 proditores
1026 1361 1103 1401 non
1128 1350 1247 1388 modo
1276 1363 1388 1388 aver-

87 1415 260 1455 sarentur
278 1426 436 1462 omnes,
460 1413 524 1452 sed
545 1413 661 1451 etiam
682 1413 871 1450 conviciis
894 1411 1053 1461 telisque
1077 1412 1175 1450 ultro
1201 1420 1384 1452 arcerent,

144 1479 230 1520 VII.
261 1478 307 1520 Et
335 1478 374 1517 hi
403 1479 561 1529 quidem
590 1479 639 1517 ad
664 1476 839 1516 consules
868 1490 907 1523 re
934 1478 1077 1516 infecta
1101 1477 1247 1525 regressi
1265 1509 1277 1525 ,
1303 1491 1390 1516 mu-

90 1541 249 1583 neribus
275 1549 407 1581 tamen
439 1541 671 1592 quibusdam
706 1544 741 1581 5<
769 1541 866 1592 agris
893 1542 933 1580 'm
961 1542 1092 1581 Sicilia
1127 1542 1260 1580 donati
1291 1537 1392 1581 suntss

92 1604 275 1645 Ceterum
299 1603 505 1643 Poenorum
539 1615 596 1642 res
626 1602 836 1654 improviso
867 1602 970 1641 malo
1007 1615 1127 1654 prope
1153 1602 1391 1654 desperatio-

94 1680 187 1706 nem
210 1666 400 1706 addud‘tas
416 1695 426 1714 ‚
453 1678 501 1704 eo
524 1675 702 1717 tempore
722 1664 816 1705 fides
841 1664 1021 1705 Alexonis
1051 1665 1294 1705 sustentavit:
1322 1666 1389 1717 qui

93 1730 201 1781 prius
229 1729 384 1770 servatis
421 1729 556 1768 itidem
588 1730 865 1781 Agrigentinis,
899 1729 1038 1780 quibus
1070 1729 1179 1768 fimili
1217 1730 1391 1780 quodam

92 1792 235 1833 scelere
268 1793 495 1832 mercenarii
526 1792 852 1844 Syracusanorum
886 1792 1053 1832 insidiati
1093 1788 1273 1842 fuerant,
1304 1795 1388 1842 jure

92 1855 162 1895 suo
194 1856 423 1894 memoriam
452 1855 686 1906 laudemque
719 1856 760 1895 in
793 1854 945 1894 historia
981 1856 1130 1894 meruit.
1175 1856 1391 1896 Creverunt

94 1918 236 1959 deinde
265 1917 419 1957 obseffis
445 1919 565 1957 animi
590 1919 759 1958 adventu
791 1931 985 1958 novorum
1017 1918 1262 1958 auxiliorum.
1299 1919 1390 1958 Car-

95 1981 353 2033 thaginienses
377 1983 508 2030 enim,
525 1981 618 2022 licet
639 1984 760 2035 ignari
781 1983 975 2029 omnium,
998 1996 1080 2033 quae
1107 1982 1263 2034 Lilybaei
1286 1985 1387 2034 gesta

95 2042 241 2092 essent,
267 2055 324 2083 res
351 2056 430 2082 non
455 2043 633 2095 segnibus
659 2044 824 2084 consiliis
849 2044 1020 2095 indigere
1045 2046 1285 2094 judicabant.
1317 2047 1391 2098 Igi-

95 2116 158 2147 tur
188 2105 396 2147 Adherbali
423 2106 475 2145 rei
504 2107 704 2147 maritimae
733 2107 915 2159 praefeeto
944 2108 1142 2154 negotium
1175 2109 1390 2156 dederant,

94 2177 142 2209 ut
167 2168 278 2209 elass'e
316 2181 539 2220 comparata
557 2169 747 2219 militem,
776 2183 972 2209 annonam
1001 2173 1034 2209 &r
1062 2171 1263 2220 pecuniam
1292 2171 1394 2223 Lily-

97 2231 226 2271 baeum
252 2232 525 2271 introduceret.
558 2231 617 2272 Ab
642 2230 718 2270 hoc
746 2232 872 2271 mifl'us
900 2232 1129 2272 Hamilcari*
1158 2233 1256 2271 filtus
1287 2234 1396 2274 llan-

97 2290 219 2341 nibal,
240 2291 288 2332 ab
304 2292 446 2343 AEgufis
460 2323 470 2342 ,
508 2306 601 2344 quas
618 2301 782 2343 vocant,
798 2293 931 2332 insulis·
949 2306 1102 2333 ventum
1130 2305 1398 2346 opportunum

97 2357 256 2401 metm,
277 2357 378 2395 recta
401 2355 529 2395 fronte
555 2356 835 2408 Lilybaetanum
865 2366 1019 2407 portum
1047 2359 1166 2408 petit,
1193 2357 1393 2398 instructos

96 2417 139 2456 in
151 2416 310 2456 navibus
327 2417 472 2458 habens
499 2419 661 2471 milites,
681 2423 742 2471 ἃ,
764 2420 788 2460 fi
815 2420 898 2473 quis
926 2421 1148 2471 obsisteret,
1170 2421 1207 2462 vi
1236 2434 1396 2473 perrup-

147 2533 174 2577 5
199 2532 243 2565 v.
269 2531 390 2566 zonat.
418 2533 537 2577 Polyb,

173 2580 226 2626 T.
257 2583 350 2628 ur.
396 2584 496 2628 Vol.
528 2582 619 2628 Ill.
1147 2583 1175 2628 s
