1701 3008
295 165 374 216 {N
418 164 588 214 LOC.
631 162 765 214 LIB.
806 162 955 213 XIX
998 161 1139 220 LIV.
1298 174 1383 227 271

102 267 204 315 rium
231 275 391 322 Siciliae,
415 274 574 314 summis
602 274 780 323 utrinque
803 271 947 312 viribus
966 274 1001 313 ἃ
1017 277 1242 324 oppugnata
1265 272 1301 311 ἅτ
1325 271 1392 310 de„

103 329 211 376 sensa
235 337 297 377 est.
328 338 473 378 Urbem
497 335 637 375 deinde
659 335 877 375 Romanam
903 347 951 374 ex
982 346 1308 384 moerore‚quen1
1331 333 1387 373 M.

105 388 247 448 Reguli
271 397 377 437 casus
409 397 607 444 attulerat,
635 395 770 435 refecit
795 396 836 435 L.
863 392 1014 435 Metelli
1038 394 1281 445 triumphus:
1311 408 1390 433 non

105 453 188 498 visu
212 458 331 498 modo
364 459 400 498 δε
433 458 620 496 memoria
644 470 768 496 rerum
797 454 1164 507 prosperrimarum,
1190 455 1255 495 sed
1279 457 1395 495 etiam

108 521 286 560 adversus
317 521 570 560 inhumanam
595 528 748 571 gentem
774 519 950 559 vindietae
979 519 1194 559 dulcedine.
1235 519 1397 560 Trium-

108 582 243 633 phavit
271 583 318 622 de
350 582 476 622 Poenis
503 575 732 632 proconsule
774 593 807 620 a.
835 582 871 619 d.
902 580 980 620 VII
1013 567 1105 621 l'dus
1141 581 1397 632 Septembres.

109 637 226 683 Duc'ti
253 642 347 687 ‚sunt
379 651 482 682 ante>
501 655 653 681 currum
686 643 803 681 duces
838 641 1003 681 hostium
1036 643 1249 692 tredecim,
1280 645 1314 682 a&
1342 643 1399 680 in-

94 717 206 754 ·gens
233 703 528 754 elephantorum
554 716 717 754 agmen,
744 703 878 754 viginti
903 698 1013 753 supra
1042 714 1212 743 centum.
1253 704 1340 743 sunt
1363 706 1399 744 ἃ

112 764 177 813 qui
201 764 327 814 plures
355 772 571 803 numerent.
603 763 656 802 Hi
681 762 822 801 deinde
848 764 1027 812 produffi
1056 760 1166 812 sunt,
1196 777 1285 803 curn
1315 764 1398 804 ludi

112 820 269 873 fierent,
303 828 338 865 δε
367 822 478 864 hastis
516 823 718 875 praepilatis
755 838 823 875 per
854 834 980 865 totum
1010 826 1158 865 circum
1193 827 1241 866 ab
1273 828 1397 877 operis

115 889 216 936 acti,
249 901 325 938 quo
356 895 603 926 contemnere
639 879 800 925 disceret
825 886 971 926 belluas
1003 887 1193 938 populus,
1214 901 1305 938 quas
1330 902 1402 927 ve·-

115 948 400 988 hementillime
421 949 615 987 timuerat.
644 947 872 987 Interfeecos
891 948 962 988 esse
977 948 1110 998 jaculis
1127 950 1279 988 Verrius
1295 949 1402 989 Flac«

116 1020 183 1049 cus
207 1013 338 1050 auetor
369 1010 448 1058 est,
482 1022 572 1048 cum
598 1023 723 1060 neque
752 1010 810 1048 uti
836 1009 883 1049 iis
911 1009 1139 1061 placuiffet:
1175 1024 1299 1061 neque
1329 1012 1403 1050 do-

117 1072 198 1111 nari
222 1072 375 1123 regibus
404 1079 552 1112 tantam
574 1070 828 1112 accessionem
847 1072 1003 1121 virium,
1021 1085 1070 1111 ex
1088 1071 1157 1112 usu
1181 1071 1403 1121 reipublicae

115 1135 321 1175 videretur.
535 1141 538 1144 '

187 1195 256 1235 III.
302 1195 451 1235 Eodem
489 1207 589 1233 anno
620 1206 759 1246 magna
787 1188 908 1232 vilitas
942 1206 1102 1234 annonae
1132 1190 1265 1235 Romae
1296 1196 1401 1236 fuit:

117 1254 256 1297 assibus
281 1257 435 1308 singulis
453 1255 560 1296 farris
585 1256 736 1296 modios
759 1255 894 1305 fuiffe3
921 1256 1090 1306 itemque
1115 1258 1193 1296 vini
1220 1259 1403 1308 congios,

117 1314 259 1371 ficique
294 1318 399 1359 siccae
440 1318 571 1368 pondo
608 1318 792 1368 triginta,
821 1317 894 1358 olei
925 1319 1057 1368 pondo
1093 1320 1226 1358 decem
1246 1349 1258 1368 ,
1283 1319 1403 1358 carnis

118 1382 253 1432 pondo
284 1381 492 1421 duodecim
516 1378 706 1419 traditur:
737 1391 826 1418 cum
856 1378 944 1429 plus
972 1379 1093 1418 ubivis
1120 1393 1248 1420 earum
1277 1393 1404 1419 rerum

121 1439 233 1493 effet,
262 1458 375 1495 quam
401 1443 598 1495 pecuniae,
624 1443 732 1492 cujus
758 1442 854 1481 inter
880 1440 970 1481 belli
997 1451 1076 1482 tam
1107 1443 1276 1482 diuturni
1305 1441 1405 1481 sum-

123 1517 183 1547 tus
207 1521 344 1559 magna
367 1510 445 1557 jam
470 1507 630 1559 penuria
647 1505 720 1544 effe
746 1513 926 1555 coeperat.
954 1504 1057 1545 Dum
1083 1505 1165 1545 haec
1182 1506 1316 1546 Romce
1342 1519 1406 1555 gee

122 1575 256 1606 runtur
273 1597 283 1616 ‚
308 1567 346 1605 in
381 1565 506 1607 Sicilia
544 1563 755 1616 Lilybaeum
779 1562 936 1603 summis
962 1564 1103 1603 viribus
1130 1565 1406 1616 oppugnabant

124 1628 327 1677 consules,
359 1641 484 1678 neque
514 1628 664 1666 minore
694 1626 903 1677 pertinacia
935 1625 1151 1665 animorum
1179 1626 1226 1666 ab
1256 1628 1408 1669 inclusis

123 1693 370 1732 refistebatur.
404 1691 526 1732 Prima
543 1691 598 1729 vis
622 1689 779 1728 admota
804 1688 856 1727 est
878 1689 992 1737 turri,
1011 1702 1093 1739 quae
1112 1703 1188 1740 prae
1217 1690 1299 1730 aliis
1325 1690 1407 1731 lon-

124 1754 271 1805 gissime
300 1752 424 1793 versus
458 1752 646 1804 Libycum
684 1763 788 1790 marc
817 1751 1075 1802 procurrebat.
1115 1753 1200 1792 Hac
1231 1753 1408 1803 dejecta,

126 1821 176 1859 ad
215 1819 426 1869 proximam
461 1830 654 1868 quamque
682 1824 861 1867 promota
889 1815 976 1855 sunt
1005 1830 1121 1867 opera
1142 1847 1153 1865 ,
1185 1816 1309 1856 donec
1346 1816 1408 1856 sex

126 1881 286 1920 omnino
319 1890 437 1920 turres
468 1879 767 1931 procubuerunt.
813 1887 893 1917 tum
923 1878 971 1916 ad
1007 1888 1148 1917 ceteras
1185 1878 1408 1928 quatiendam

125 1943 229 1983 foss'ae
253 1941 439 1993 compleri
463 1949 600 1991 coepta:
616 1971 627 1988 ‚
652 1948 696 1978 ut
715 1937 900 1978 machinae
923 1938 1113 1978 transduci
1137 1939 1408 1990 admoverique

125 2005 289 2056 possent.
336 2016 551 2054 quanquam
588 2013 748 2052 magnus
783 2010 861 2040 erat
893 1999 1001 2039 labor
1023 2031 1034 2047 ‚
1064 2000 1205 2051 quippe
1239 1999 1407 2040 latitudo

125 2062 230 2106 foffae
273 2066 466 2116 sexaginta
506 2063 686 2110 cubitos,
719 2062 881 2102 altitudo
925 2063 1176 2113 quadraginta
1210 2063 1409 2114 aequabat,

127 2138 258 2170 tamen
284 2129 448 2179 impigre
479 2136 627 2177 coeptus
654 2123 931 2177 promotusque
957 2124 1020 2164 est.

182 2199 245 2239 IV.
291 2199 432 2239 Contra
468 2197 550 2237 lnaec
585 2194 911 2247 Carthaginienses
944 2194 1104 2237 interius
1134 2203 1261 2247 aperta
1291 2196 1409 2245 fossa,

129 2261 294 2313 egestam
324 2261 488 2301 humum
514 2258 817 2299 amolicbantur:
843 2256 906 2296 scd
935 2270 1024 2296 cum
1050 2258 1296 2299 multitudine
1323 2273 1410 2299 ma-

192 2387 214 2425 ς
248 2387 288 2419 11.
326 2387 400 2420 Col.
440 2387 615 2439 Triumph.
656 2387 728 2419 Liv.
757 2387 844 2430 Epit.
886 2397 935 2429 ¹9·
970 2385 1116 2430 Dionys.
1150 2386 1172 2418 l.
1203 2397 1233 2418 2.
1268 2382 1302 2417 1..
1334 2382 1409 2416 Piso

132 2422 300 2473 apsl'iin.
330 2432 374 2469 6,
402 2432 432 2464 8.
460 2431 508 2464 M.
533 2434 638 2466 xmo
669 2444 720 2476 ap.
747 2431 828 2465 Pnn.
861 2432 970 2474 18,3.
998 2434 1018 2475 5
1047 2431 1099 2464 111.
1136 2431 1253 2474 Polyb.
1281 2441 1318 2469 ι.
1344 2439 1398 2467 42·

133 2476 256 2510 Zonar.
290 2476 390 2510 Diod.
422 2477 443 2509 Ι.
467 2487 521 2518 24.
