1701 3008
315 209 1104 258 HISTORIARUMLIB.
1155 211 1218 259 X.
1383 228 1437 261 21

138 319 258 364 dinis
288 316 379 377 ejus
407 319 588 380 gloriam
615 317 816 364 invidam
847 319 1045 384 praestent.
1076 321 1274 367 Peditum
1308 337 1442 366 certa-

134 392 246 437 mine
271 391 523 436 immobilem
554 391 702 455 hostem
728 391 868 455 restare
879 411 899 446 ;
929 411 1091 438 omnem
1109 395 1309 454 reliquam
1321 395 1442 455 spem

136 468 184 512 in
220 467 375 526 impetu
413 463 488 528 effi:
518 466 714 526 equitum.
752 465 802 510 &
843 463 963 526 ipsos
1000 465 1273 513 nominatim
1307 466 1442 528 juve-

136 552 243 594 nes,
257 536 355 600 pari
382 536 599 584 comitate
621 547 865 599 utrumque
882 570 896 592 ‚
916 553 1040 584 nunc
1059 537 1264 584 laudibus
1280 575 1294 595 ‚
1316 557 1441 588 nunc

135 609 360 674 promiffis
388 620 563 656 onerat.
600 607 847 666 Ceterum,
870 609 1055 671 quando
1082 626 1138 655 ne
1166 627 1217 657 ea
1247 628 1440 676 quoque

138 697 309 733 tentata
336 683 409 731 vis
427 681 700 747 proficeret,
730 683 925 731 consilio
961 683 1271 747 grassandum,
1300 687 1332 733 fi
1366 689 1440 733 ni-

138 759 206 807 hil
236 759 358 807 vires
390 757 600 821 juvarent
618 795 633 817 ‚
662 769 813 818 ratus,
849 757 1115 821 Scipionem
1145 760 1338 823 legatum
1360 761 1443 809 ha·-

135 836 273 884 statos
294 835 453 898 primae
470 833 666 898 legionis
684 832 941 880 subtrahere
958 849 1015 880 ex
1033 834 1150 890 acie,
1164 836 1215 882 ὃ(
1232 835 1289 882 ad
1308 854 1439 882 mon-

139 922 205 956 tes
231 910 499 973 proximos,
527 925 662 972 quam
694 907 843 971 posset
876 908 1208 966 occultiffime,
1242 909 1442 957 circum-

140 981 307 1032 ducere
334 981 487 1044 jubet:
518 980 623 1028 inde
651 980 833 1029 ascensu
860 980 1016 1028 abdito
1037 999 1062 1028 a
1083 980 1327 1045 conspectu
1347 983 1438 1029 eri-

139 1071 245 1119 gere
260 1055 307 1101 in
327 1065 508 1102 montes
528 1069 713 1117 agmen,
732 1052 988 1116 aversoque
1006 1053 1127 1100 hosti
1147 1054 1202 1101 ab
1221 1067 1349 1119 tergo
1370 1072 1438 1101 re-

140 1142 276 1194 pente
295 1128 338 1176 se
362 1127 609 1175 ostendere.
631 1127 845 1192 Equites,
867 1127 1057 1176 ducibus
1073 1128 1267 1176 tribunis
1281 1162 1296 1183 ‚
1318 1129 1442 1177 haud

139 1204 290 1252 multo
315 1201 414 1265 plus
435 1200 666 1259 hostibus,
691 1216 829 1264 quam
847 1199 958 1259 suis,
985 1217 1043 1248 ex
1061 1201 1317 1264 improviso
1337 1214 1442 1249 ante

143 1277 267 1341 signa
286 1275 460 1336 eveffi,
487 1275 780 1338 praebuerunt
808 1276 1042 1323 tumultus.
1075 1276 1304 1325 Adversus
1329 1276 1441 1324 inci-

142 1363 256 1398 tatas
285 1361 454 1396 turmas
487 1347 607 1394 stetit
640 1347 831 1394 immota
864 1348 1132 1395 Samnitium
1169 1349 1318 1407 acies,
1355 1366 1442 1398 nec

143 1434 272 1487 parte
293 1422 386 1469 ulla
417 1421 524 1485 pelli
542 1432 618 1467 aut
636 1422 868 1485 perrumpi
896 1422 1062 1485 potuit.
1091 1425 1148 1470 Et
1163 1458 1178 1481 ‚
1201 1421 1443 1486 postquam

143 1496 323 1546 irritum
353 1497 587 1560 inceptum
621 1508 745 1555 erat,
785 1496 957 1559 recepti
989 1496 1091 1560 post
1123 1496 1244 1560 figna
1275 1496 1444 1560 proelio

143 1570 437 1621 excesserunt.
465 1569 627 1618 Crevit
650 1587 707 1617 ex
731 1586 788 1617 eo
811 1569 1010 1618 hostium
1031 1570 1238 1627 animus3
1266 1587 1349 1617 nec
1371 1568 1445 1616 su-

146 1647 310 1694 stinere
344 1643 473 1691 frons
508 1644 655 1707 prima
682 1656 775 1691 tam
812 1643 1005 1709 iongum
1039 1658 1267 1692 certamen
1293 1643 1473 1691 incre?

146 1717 435 1778 scentemque
466 1713 632 1763 fiducia
670 1715 735 1762 sui
771 1715 869 1765 vim
895 1715 1135 1779 potuisset,
1168 1715 1219 1764 ni
1252 1715 1446 1763 fecunda

145 1792 263 1839 acies
295 1790 410 1853 juffu
440 1788 637 1838 consulis
667 1788 716 1835 in
747 1791 945 1854 primum
976 1790 1252 1839 succeffiffet.
1283 1790 1350 1838 Ibi
1371 1790 1445 1835 in·-

144 1878 286 1930 ·tegrae
319 1865 443 1912 vires
469 1863 626 1912 sistunt
653 1864 953 1912 invehentem
972 1864 1015 1912 se
1044 1865 1134 1928 jam
1164 1865 1410 1912 Samnitem
1432 1883 1445 1911 :

147 1940 200 1987 &
216 1954 424 2001 tempore
443 1938 694 2002 improvisa
714 1956 771 1986 ex
788 1939 1022 1986 montibus
1042 1939 1166 2004 signa
1184 1939 1448 2001 clamorque

145 2014 346 2063 sublatus
365 2031 463 2062 non
482 2031 600 2062 vero
619 2027 796 2063 tantum
813 2027 938 2062 metu
955 2026 1158 2061 terruere
1175 2013 1447 2062 Samnitium

145 2091 340 2137 animos.
377 2106 482 2137 nam
512 2089 564 2136 &
592 2090 754 2137 Fabius
786 2089 990 2138 Decium
1023 2088 1245 2151 collegam
1276 2105 1447 2153 appro-

145 2164 367 2228 pinquare
389 2161 664 2210 exclamavit
684 2198 700 2221 ,
718 2164 769 2211 &
789 2180 878 2226 pro
905 2161 952 2210 se
976 2161 1168 2225 quisque
1185 2161 1315 2209 miles
1334 2194 1353 2218 ,
1369 2167 1448 2209 ad-

146 2234 222 2299 effi
239 2239 412 2282 alterum
432 2233 638 2294 confidem
655 2270 672 2292 ,
693 2233 824 2298 adeffi}
845 2238 1028 2298 legiones
1044 2270 1063 2292 ,
1083 2232 1253 2297 gaudio
1278 2233 1447 2282 alacres

149 2310 384 2365 fremunt3
430 2323 648 2372 errorque
692 2308 816 2356 utilis
852 2307 1073 2355 Romanis
1111 2306 1293 2356 oblatus
1330 2308 1449 2372 fugae

150 2379 496 2446 formidinisque
511 2380 729 2429 Samnites
754 2381 991 2445 implevit,
1021 2381 1218 2428 maxime
1241 2381 1448 2436 territos,

154 2470 212 2500 ne
231 2454 286 2500 ab
309 2454 451 2501 altero
471 2455 675 2503 exercitu
692 2456 875 2520 integro
895 2455 1154 2518 intacioque
1177 2453 1269 2500 sessi
1298 2453 1451 2515 oppri-

152 2539 412 2577 merentur:
445 2530 522 2591 &‚
549 2529 655 2596 quia
683 2530 840 2597 passim
865 2530 911 2578 in
940 2529 1091 2594 fugam
1118 2529 1312 2592 dissipati
1331 2527 1453 2582 sum,

1113 2604 1146 2648 Β
1182 2619 1204 2663 3
