1701 3008
315 244 408 296 350
697 220 1254 272 T1T1L1v11

311 336 606 401 qiiaffataeque
639 331 791 378 multae
821 342 968 393 partes
1001 341 1140 377 erant.
1193 348 1282 384 una
1311 328 1590 378 continenti-

311 411 394 456 bus
423 407 561 454 ruinis
584 405 829 452 nudaverat
857 404 1041 450 urbem:
1074 419 1161 450 tres
1181 403 1390 466 deinceps
1416 416 1559 449 turres
1576 435 1592 460 ‚

310 492 619 545 quantumque
641 477 757 523 inter
778 493 848 524 eas
879 478 998 523 muri
1029 489 1123 523 erat
1142 512 1155 533 ‚
1187 494 1288 523 cum
1316 475 1495 540 fragore
1518 475 1594 521 in-

309 552 433 617 genti
467 549 784 613 prociderant:
827 563 1094 611 captumque
1124 548 1349 611 oppidum
1380 564 1430 594 ea
1464 547 1593 593 ruina

310 626 592 673 crediderant
623 623 782 679 Poeni3
813 640 928 686 (μεευ
961 623 1085 671 vehit
1114 624 1146 668 fi
1180 623 1345 685 pariter
1375 621 1592 685 utrosque

309 715 461 745 murus
486 695 687 754 texiss'et,
715 695 775 742 ita
794 695 1003 759 utrinque
1027 695 1073 741 in
1105 712 1298 759 pugnam
1324 694 1592 759 procursum

308 773 386 819 est.
419 770 543 818 Nihil
577 771 882 817 tumultuariae
910 787 1074 833 pugnae
1106 769 1245 816 simile
1282 783 1402 829 erat,
1439 769 1590 833 quales

308 846 357 891 in
380 844 794 909 oppugnationibus
822 843 1004 890 urbium
1035 859 1114 904 per
1141 843 1425 889 occasionem
1454 841 1592 904 partis

307 919 491 967 alterius
528 917 702 965 conseri
731 916 898 963 solent:
932 917 1005 962 sed
1040 915 1164 977 justae
1193 917 1339 975 acies,
1365 916 1490 965 velut
1513 916 1591 979 pa&

305 992 420 1043 renti
450 1009 608 1054 campo
627 1027 640 1048 ‚
666 990 784 1039 inter
802 990 953 1037 ruinas
979 989 1095 1035 muri
1117 990 1322 1053 tectaque
1342 989 1464 1037 urbis
1485 1005 1590 1036 mo·

305 1066 413 1113 dico
451 1064 656 1111 distantia
685 1062 930 1111 intervallo
967 1061 1274 1109 constiterant.
1323 1061 1429 1109 hinc
1459 1062 1587 1124 spes,

304 1140 411 1187 hinc
440 1138 689 1201 desperatio
724 1136 898 1183 animos
934 1135 1101 1186 irritat:
1135 1137 1230 1182 Poe
1223 1152 1283 1182 io
1309 1133 1511 1198 cepiffe
1500 1152 1587 1197 jam

306 1212 350 1259 ie
370 1210 601 1268 urbem,s1
622 1226 666 1272 p
654 1208 852 1256 iululum
873 1197 1128 1264 anni-tatur,
1157 1208 1388 1263 credente;
1413 1210 1586 1271 Sagun-

297 1286 414 1333 ''tinis
448 1301 533 1347 pro
568 1284 734 1331 nudata
767 1282 993 1329 moenibus
1028 1282 1172 1344 patria
1209 1298 1405 1344 corpora
1436 1299 1588 1345 oppo-

307 1360 517 1407 nentibus
534 1395 548 1417 ‚
577 1376 659 1405 nec
678 1357 775 1406 ullo
794 1358 953 1420 pedem
971 1357 1190 1403 referente
1204 1393 1217 1416 ‚
1236 1373 1292 1403 ne
1316 1357 1363 1403 in
1384 1356 1586 1404 relictum

304 1451 330 1480 a
357 1432 397 1479 se
424 1433 577 1479 locum
614 1431 786 1478 hostem
817 1430 1091 1479 immitteret.
1133 1433 1284 1494 Itaque
1315 1448 1409 1495 quo
1442 1431 1587 1479 acrius

305 1498 362 1556 &i
392 1505 587 1554 conferti
619 1506 754 1570 magis
788 1505 1000 1568 utrinque
1029 1504 1313 1568 pugnabant,
1348 1522 1404 1552 eo
1437 1506 1588 1568 plures

304 1580 681 1638 vulnerabantur,
713 1578 843 1626 nullo
866 1578 982 1625 inter
1005 1595 1127 1624 arma
1156 1594 1442 1642 corporaque
1462 1596 1587 1627 vano

306 1651 601 1702 intercidente
628 1652 738 1700 telo.
775 1652 969 1701 Falarica
1000 1663 1094 1699 erat
1118 1651 1399 1716 Saguntinis,
1429 1652 1586 1700 miffile

303 1729 442 1775 telum
459 1727 604 1774 hastili
623 1726 815 1791 abiegno
829 1764 845 1785 ,
864 1729 914 1774 δε
944 1729 1092 1775 c‘etera
1108 1727 1265 1785 tereti,
1286 1738 1585 1790 praeterquam

301 1800 357 1845 ad
383 1815 666 1857 extremum,
693 1800 812 1846 unde
842 1799 1010 1848 ferrum
1045 1799 1254 1847 exstabat.
1288 1800 1360 1857 id,
1392 1800 1505 1847 sicut
1537 1801 1585 1847 in

301 1871 398 1934 pilo
415 1908 427 1930 ‚
454 1872 716 1935 quadratum
736 1872 892 1935 stuppa
923 1873 1292 1935 circumligabant
1308 1911 1323 1931 ‚
1347 1873 1586 1920 liniebant-

303 1960 390 2007 que
420 1944 534 2006 pice.
569 1946 754 1990 Ferrum
787 1956 933 1990 autem
961 1955 1049 1991 tres
1073 1944 1262 2007 longum
1285 1945 1475 1991 habebat
1500 1963 1582 2008 pe-

302 2017 378 2061 des
392 2051 405 2072 ‚
437 2028 488 2062 ut
511 2034 612 2063 cum
632 2017 764 2064 armis
783 2017 1039 2080 transfigere
1061 2035 1226 2081 corpus
1248 2018 1403 2080 poffet.
1432 2019 1517 2065 Sed
1536 2018 1583 2077 id

301 2088 520 2146 maxime,
548 2090 715 2136 etiamsi
747 2090 930 2136 haefiffet
959 2090 1004 2136 in
1030 2091 1157 2137 scuto
1167 2128 1183 2149 ,
1215 2108 1297 2139 nec
1317 2092 1583 2154 penetrasset

303 2160 348 2205 in
369 2177 532 2222 corpus
549 2198 562 2220 ,
590 2178 803 2223 pavorem
821 2163 1039 2219 faciebam
1076 2165 1228 2227 quod,
1255 2182 1356 2211 cum
1384 2165 1582 2211 medium

303 2233 535 2280 accensum
579 2235 859 2295 mitteretur,
906 2230 1272 2300 conceptumque
1311 2237 1407 2297 ipso
1451 2250 1582 2285 motu

303 2306 450 2352 multo
480 2306 695 2368 majorem
730 2310 880 2373 ignem
910 2310 1074 2367 ferret,
1110 2328 1230 2357 arma
1263 2310 1413 2356 omitti
1445 2328 1580 2374 coge-

301 2380 406 2437 bat,
443 2379 699 2443 nudumque
723 2382 908 2431 militem
926 2383 980 2430 ad
1014 2382 1293 2446 insequentes
1324 2382 1436 2431 icius
1463 2402 1580 2448 praee

301 2452 446 2500 beban

366 2529 443 2575 IX.
478 2529 597 2577 Cum
620 2529 693 2576 diu
712 2546 873 2592 anceps
902 2529 1047 2587 suiffet
1066 2542 1286 2579 certarnen
1304 2569 1316 2587 ‚
1337 2532 1385 2578 Sc
1405 2533 1576 2594 Sagun-

1591 2371 1597 2391 ἱ
