1701 3008
328 186 935 238 HISTORIARUM
986 189 1126 238 Lm.
1177 190 1239 240 x,
1372 205 1428 256 31

124 306 386 361 {agmenque
407 295 605 342 hostium
624 294 893 359 aggreditur.
913 293 1134 342 Samnites
1150 330 1166 357 ,
1183 295 1333 359 praeda
1352 295 1436 344 im-

131 371 305 434 pediti,
333 369 643 434 infrequentes
670 367 861 426 armati,
889 384 993 430 pars
1022 368 1186 416 addere
1212 369 1399 433 gradum
1417 408 1436 431 ,

133 462 187 493 ac
217 461 309 508 prae
337 443 379 492 se
402 459 530 509 agere
551 442 777 506 praedam,
806 457 908 504 pars
938 441 1076 500 stare,
1101 441 1265 491 incerti
1282 457 1437 496 utrum

132 521 373 586 progredi,
406 538 465 568 an
502 517 678 583 regredi
713 517 760 563 in
795 515 934 564 castra
964 518 1103 564 tutius
1140 516 1289 579 foret,
1319 521 1437 571 inter

134 594 475 644 minitationem
510 590 853 655 opprimuntur.
884 590 934 637 &
962 590 1161 637 Romani
1189 590 1278 653 jam
1296 595 1439 642 trans-

131 671 379 718 cenderant
414 666 616 724 vallum,
653 662 884 726 caedesque
917 679 971 709 ac
1003 664 1218 711 tumultus
1253 679 1348 713 erat
1387 668 1438 716 in

134 742 305 791 castris.
342 739 612 788 Samnitium
645 753 805 802 agmen
822 772 836 795 ‚
860 747 1160 801 praeterquam
1191 737 1342 786 hostili
1365 753 1435 788 tu-

133 817 310 875 multu,
329 814 627 879 captivorum
650 812 783 859 etiam
804 810 1039 875 repentina
1065 811 1317 860 defectione
1345 828 1438 862 tur-

134 891 294 938 batum
326 901 452 936 erat:
487 887 566 953 qui
601 885 765 951 partim
792 885 873 949 ipfi
903 883 1039 931 soluti
1068 885 1250 933 vinei&
1285 886 1439 935 solve-

134 967 277 1016 bant:
315 965 480 1030 partim
514 981 638 1011 arma
665 962 714 1010 in
743 959 925 1009 sarcinis
952 959 1142 1024 deligata
1175 961 1442 1024 rapiebant,

136 1041 473 1103 tumultumque
488 1074 502 1098 ‚
519 1037 691 1102 proelio
717 1034 815 1099 ipso
834 1033 1157 1081 terribiliorem
1172 1071 1185 1093 ,
1207 1036 1441 1083 intermix-

137 1111 174 1160 ti
199 1110 378 1176 agmine
398 1110 671 1174 praebebant.
703 1106 1058 1154 Memorandum
1076 1106 1238 1153 deinde
1261 1108 1441 1156 edidere

137 1187 346 1235 facinus:
382 1203 486 1232 nam
513 1184 684 1246 Stajum
709 1180 958 1229 Minacium
981 1181 1172 1239 ducem,
1200 1180 1441 1230 adeuntem

137 1262 325 1310 ordines
365 1261 754 1323 hortantemque,
785 1256 1043 1313 invadunt3
1084 1256 1295 1320 dissipatis
1333 1258 1440 1306 inde

137 1337 398 1401 equitibus,
432 1335 513 1399 qui
550 1351 653 1382 cum
685 1349 743 1380 eo
781 1331 966 1379 aderant
985 1365 998 1386 ,
1026 1330 1170 1394 ipsum
1207 1331 1445 1379 circumfi-

140 1410 290 1466 stunt,
309 1409 669 1471 insidentemque
687 1422 807 1471 equo
827 1417 1007 1469 captum
1026 1405 1082 1452 ad
1101 1404 1331 1452 consulem
1350 1408 1447 1453 Ro-

141 1501 328 1532 manum
350 1483 548 1547 rapiunt.
582 1482 820 1530 Revocata
840 1497 899 1527 eo
924 1479 1122 1527 tumultu
1150 1480 1293 1542 prima
1321 1480 1443 1544 signa

140 1558 444 1606 Samnitium:
476 1555 781 1620 proeliumque
808 1554 899 1618 jam
928 1553 1218 1618 profligatum
1248 1554 1443 1617 integra-

138 1645 238 1681 tum
272 1632 365 1691 est,
389 1648 472 1679 nec
503 1629 668 1677 diutius
702 1625 906 1676 sustineri
931 1629 1098 1692 potuit.
1135 1627 1259 1675 Caesa
1284 1629 1338 1674 ad
1365 1627 1445 1676 sex

140 1706 285 1755 millia
318 1705 592 1753 hominum:
629 1705 723 1751 duo
754 1703 895 1751 millia
928 1705 979 1752 &
1015 1701 1249 1766 quingenti
1285 1701 1404 1764 capti
1428 1718 1443 1748 ε

141 1780 190 1828 in
221 1779 285 1827 eis
314 1779 487 1827 tribuni
506 1778 702 1826 militum
727 1789 951 1843 quatuor:
976 1778 1094 1841 signa
1115 1775 1325 1822 militaria
1355 1775 1444 1821 tri-

143 1854 295 1918 ginta:
327 1853 408 1912 &,
436 1852 563 1917 quod
589 1849 860 1897 laetiffimum
891 1848 1142 1898 victoribus
1173 1846 1284 1905 fuit,
1303 1847 1447 1909 capti-

144 1943 319 1975 vorum
339 1938 519 1991 recepta
539 1925 704 1989 septem
724 1925 864 1972 millia
884 1926 934 1972 &
952 1921 1300 1988 quadringenti3
1328 1938 1447 1984 prat-

143 2000 201 2047 da
238 2000 397 2064 ingens
433 2000 664 2047 sociorum
692 2017 703 2046 :
734 1998 960 2062 accitique
993 1996 1140 2043 edicto
1179 1995 1356 2042 domini
1389 1995 1446 2041 acl

143 2092 215 2122 res
249 2073 345 2121 suas
379 2072 629 2122 noscendas
665 2069 1042 2136 recipiendasque.
1074 2067 1321 2116 Praestituta
1343 2068 1444 2126 die,

143 2165 340 2212 quarum
371 2164 521 2194 rerum
556 2163 653 2193 non
687 2145 856 2192 exstitit
892 2142 1136 2197 dominus,
1165 2140 1298 2188 militi
1327 2155 1446 2186 con-

145 2221 302 2277 cess‘ae3
325 2220 561 2284 coactique
588 2220 788 2265 vendere
817 2216 1011 2281 praedam
1030 2250 1045 2274 ,
1068 2230 1124 2261 ne
1149 2212 1289 2271 alibi,
1309 2228 1445 2275 quam

144 2291 192 2340 in
223 2293 381 2351 armis,
408 2292 608 2339 animum
641 2290 871 2337 haberent.

218 2368 346 2414 XXI.
378 2368 593 2430 Magnum
627 2382 678 2412 ea
713 2361 952 2428 populatio
989 2358 1212 2422 Campani
1245 2357 1337 2421 agri
1375 2368 1447 2401 tu-

146 2440 343 2488 multum
380 2441 542 2487 Romae
578 2439 858 2502 praebuerat:
894 2439 943 2484 &
979 2452 1058 2499 per
1089 2450 1168 2480 eos
1203 2431 1322 2478 forte
1354 2431 1447 2475 dies

147 2531 207 2563 ex
244 2514 422 2563 Etruria
453 2515 634 2564 allatum
663 2527 757 2564 erat
775 2550 792 2576 ,
820 2512 924 2578 post
954 2511 1194 2560 dedudtum
1219 2507 1322 2555 inde
1344 2507 1445 2553 Vo-
