1701 3008
284 205 367 252 IN
412 205 777 254 LOC.L113.
822 206 971 253 xix
1006 198 1149 258 ων.
1292 208 1378 273 283

106 323 241 352 manos
257 312 306 351 ad
329 312 590 352 defensionem
608 314 762 352 navium
785 323 1025 354 accurrentes
1038 346 1048 364 ,
1063 315 1262 366 praefec'tus
1286 317 1388 356 urbis

103 373 281 419 Himilco
302 374 557 413 mercenarios
582 375 824 424 eruptionem
847 375 974 415 facere
992 377 1172 427 jussisset,
1195 392 1332 429 magna
1349 381 1389 420 in

106 436 233 475 castris
265 437 471 487 trepidatio
509 436 595 477 fuit.
631 438 681 476 ad
715 445 930 476 extremum
965 438 1145 479 Carthalo
1181 442 1390 481 confractis

103 509 184 536 non
208 497 261 536 ita
284 497 439 546 multis,
458 496 625 547 abreptis
642 498 833 548 quinque,
855 499 1081 540 Heracleam
1096 501 1220 541 versus
1240 502 1392 542 cursum

104 559 258 598 direxit.
300 560 350 600 Iis
383 559 480 599 locis
505 559 732 609 excubanti,
760 573 810 600 ne
834 562 917 611 quis
945 562 1208 610 Romanorum
1233 565 1393 617 impune

105 619 184 672 Lil)
198 622 322 661 baeum
339 622 559 672 navigaret,
576 622 797 671 nuntiatur,
815 624 971 662 navium
994 626 1120 664 omnis
1135 626 1282 676 generis
1303 624 1395 665 clas-

103 682 184 722 sem
205 684 310 724 haud
336 685 606 735 poenitendam
630 685 850 725 adventare.
876 686 961 734 jam
986 687 1051 727 ille
1073 689 1272 740 praeseftos
1294 687 1391 728 alios

106 746 157 785 ad
185 745 223 784 se
248 745 506 796 pertrahendo
536 759 651 786 naves
684 746 804 786 bonas
830 748 880 786 ad
907 758 1063 787 centum
1087 749 1222 800 viginti
1247 748 1393 788 effece-

103 815 189 847 rat:
216 807 382 847 confisus
403 809 519 858 igitur
539 808 703 855 viribus,
722 810 756 849 ἃ
778 808 970 860 superiore
989 811 1167 858 victoria,
1191 811 1392 851 confestim

105 870 303 920 egreditur
330 877 471 921 portu,
504 870 822 921 venientibusque
857 872 1033 912 occurrit.
1080 872 1198 921 Juxta
1227 871 1393 912 Gelourn

100 930 196 970 litus
220 933 261 971 in
281 932 529 989 conspectum
564 932 694 973 classes
720 946 854 972 venere
874 947 883 973 z
914 934 978 973 sed
1005 934 1171 974 Romani
1193 933 1392 984 quaestores

104 990 230 1043 impar
256 1003 450 1035 certamen
481 994 616 1041 veriti,
645 994 694 1033 ad
719 994 960 1034 Phintiadem
978 1025 989 1044 ‚
1019 996 1124 1046 quod
1156 996 1195 1034 in
1225 994 1392 1034 amicitia

103 1053 373 1095 Romanorum
396 1051 482 1094 'erat
510 1055 727 1106 oppidum,
756 1056 1004 1097 deflexerunt.
1042 1057 1174 1097 Portus
1204 1057 1252 1095 ad
1280 1055 1391 1096 Phin-

104 1117 249 1162 tiadem
272 1116 399 1156 nullus
417 1118 490 1158 est:
520 1126 670 1156 tantum
702 1127 966 1168 procurrentes
994 1119 1034 1157 in
1058 1131 1160 1157 mare
1187 1126 1301 1170 petrae
1322 1117 1393 1156 sta-

106 1179 255 1218 tionem
285 1177 447 1218 navibus
468 1176 570 1216 haud
594 1177 862 1228 usquequaque
887 1178 1176 1218 incommodam
1198 1177 1383 1228 praebent.

161 1240 292 1281 XXV.
316 1241 392 1281 Hic
408 1239 652 1280 exscensione
677 1240 776 1279 facta
798 1241 963 1280 Romani
990 1238 1153 1279 hostium
1180 1240 1390 1279 adventum

98 1301 274 1344 instructi
298 1301 601 1353 exspectabant,
623 1302 826 1353 catapultis
857 1314 971 1352 atque
1000 1301 1156 1341 ballistis
1177 1314 1222 1340 ex
1243 1301 1388 1352 oppido

108 1365 302 1415 advec‘tis,
333 1367 368 1406 Sc
396 1379 466 1417 pro
487 1365 599 1405 litore
624 1365 673 1405 ad
697 1360 856 1406 tutelam
881 1366 1036 1405 navium
1061 1364 1258 1415 dispositis.
1294 1364 1393 1403 Car-

106 1428 408 1479 thaginiensibus
446 1429 559 1468 initio
592 1427 794 1468 confilium
829 1428 954 1468 fuerat
987 1427 1187 1467 obsidendi
1220 1426 1393 1475 hostem,

108 1505 225 1544 quem
250 1491 440 1543 putabant
464 1499 570 1530 metu
598 1490 814 1542 perculsum
831 1491 960 1531 ‘statim
984 1492 1237 1542 refugiturum
1262 1492 1301 1529 in
1325 1503 1394 1540 op-

107 1556 244 1606 pidum
269 1554 365 1603 esse,
390 1553 578 1604 navesque
602 1554 832 1604 adpraedam
855 1553 1088 1594 relicturum.
1125 1554 1201 1594 Sed
1224 1553 1290 1593 ubi
1313 1553 1393 1593 Ro-

110 1618 231 1656 manis
248 1616 419 1668 gnaviter
440 1615 476 1655 se
504 1615 821 1664 defendentibus,
844 1623 1036 1655 certamen
1057 1614 1215 1666 periculi
1232 1614 1391 1667 plenum

108 1679 432 1731 experiebantur,
455 1686 711 1729 praetereaque
732 1678 820 1718 loco
841 1677 963 1717 multa
990 1678 1145 1716 habenti
1167 1678 1390 1716 incommo-

111 1741 160 1781 da
190 1755 324 1793 parum
350 1742 546 1790 fidebant,
569 1742 816 1782 destiterunt:
847 1740 1052 1792 paucisque
1079 1739 1238 1779 navibus
1259 1751 1306 1777 ex
1328 1751 1392 1777 ea·

110 1816 196 1843 rum
211 1817 385 1855 numero,
402 1818 484 1856 quae
501 1814 762 1844 commeatum
783 1802 976 1843 vehebant
990 1835 1001 1852 ‚
1018 1803 1191 1843 abtinens
1207 1833 1217 1851 ‚
1235 1802 1283 1841 ad
1307 1801 1392 1842 Ha-

114 1865 242 1917 lycum
264 1867 449 1916 fluvium,
473 1868 538 1918 qui
556 1866 659 1906 haud
682 1866 817 1918 procul
842 1866 931 1906 inde
949 1866 1104 1914 aberat,
1124 1864 1387 1914 discesserunt:

114 1929 167 1968 ibi
199 1930 291 1970 dum
321 1931 469 1971 saucios
503 1930 703 1980 reficiunt,
731 1930 895 1970 hostium
928 1930 1077 1970 abitum
1103 1943 1148 1970 ex
1177 1928 1389 1968 commodo

114 1989 180 2030 suo
196 1990 439 2030 observaturi.
461 1991 533 2031 Alii
550 1990 764 2042 scriptores,
780 1992 896 2030 credo
915 1991 1104 2031 Philinum
1124 1990 1263 2038 secuti,
1278 1990 1391 2028 haud·

112 2067 282 2105 quaquam
302 2053 371 2091 levi
396 2052 523 2092 damn'o
547 2053 722 2106 defunHos
745 2053 808 2106 effi·
833 2054 1026 2101 Romanos,
1041 2051 1204 2092 volunt:
1227 2053 1294 2106 fid
1310 2052 1390 2103 pri-

111 2130 164 2152 mo
181 2114 298 2168 statim
323 2115 456 2167 aspeHu
496 2116 638 2168 hostium
669 2116 846 2169 perculfin
881 2116 1080 2168 quaestores‚
1109 2117 1188 2153 dum
1226 2112 1392 2152 Phintia-

112 2178 187 2214 dem
217 2177 315 2229 curfic
339 2189 488 2230 petunt,
517 2179 693 2215 onerarias
725 2192 833 2216 naves
850 2209 861 2227 ,
881 2178 1037 2231 aliasque
1063 2189 1184 2230 proeter
1211 2175 1354 2214 bellicas
1379 2206 1390 2220 ,

110 2238 297 2290 deseruisse.
318 2239 355 2277 in
379 2240 454 2292 ipso
472 2254 550 2277 vero
564 2240 685 2292 proelio
700 2242 846 2278 munda
875 2243 1108 2279 Romanorum
1128 2239 1278 2291 navigia
1293 2239 1390 2290 quin-

110 2314 198 2352 quag
208 2299 285 2338 ima
304 2330 315 2349 ‚
343 2301 467 2353 longas
486 2316 565 2338 vero
587 2317 698 2339 naves
714 2302 905 2354 sexaginfa
937 2301 1106 2354 depreffas
1120 2331 1131 2349 ,
1153 2300 1309 2339 tredecim
1336 2299 1390 2337 iu

106 2363 282 2420 perctffzs
309 2365 572 2419 quaſjssztasque‚
599 2378 637 2404 ut
660 2367 819 2418 deinceps
843 2368 920 2420 usui
944 2365 1006 2418 eff'e
1030 2366 1256 2418 nequiverint.

166 2429 317 2471 XXVI.
346 2431 436 2470 Non
460 2430 576 2487 longo
605 2432 687 2483 post
717 2440 916 2483 tempore,
946 2431 1069 2471 Poenis
1102 2430 1230 2471 adhuc
1259 2428 1391 2469 stado-

157 2544 181 2590 5
206 2543 330 2580 xxiv.
358 2544 478 2591 Polyb.
505 2546 609 2582 Diod.
632 2548 655 2593 5
679 2546 791 2583 xxv.
813 2547 916 2583 Diod.
942 2546 1060 2592 Poiyb.
1089 2557 1127 2589 ι,
1156 2554 1210 2589 54.

1641 395 1667 434 §.f
