1701 3008
192 203 786 278 HISTORIARUM
819 228 1155 276 LIB.XX1.
1261 244 1357 291 399

63 341 172 390 bant
190 357 200 386 :
227 340 303 397 &‚
330 336 471 385 sicubi
490 335 696 384 conserta
714 335 843 383 navis
863 335 968 383 esset
981 372 994 394 ,
1012 336 1358 402 haudquaquam

63 431 146 478 par
163 428 377 460 numerus
395 423 676 458 armatorum
694 425 751 456 ex
772 426 822 456 ea
842 409 1082 473 pugnabat.
1114 409 1259 470 Quod
1276 408 1359 456 ubi

64 483 423 532 animadversum
446 483 533 542 est,
553 484 604 530 &
629 481 849 529 Romanis
866 481 1111 528 multitudo
1131 481 1206 530 sua
1231 482 1359 529 auxit

65 559 266 606 animum
279 594 293 617 ‚
311 559 360 605 &
375 558 574 620 paucitas
603 555 691 603 illis
711 555 888 602 minuit.
921 557 1166 620 Extemplo
1187 557 1358 621 septem

66 648 206 680 naves
234 631 417 678 Punicae
453 630 813 685 circumventae3
850 628 999 693 fugam
1031 642 1192 678 ceterae
1225 648 1360 695 cepe·

66 716 186 751 runt.
220 704 344 751 mille
376 706 426 751 &
454 701 724 766 septingenti
756 701 878 747 fuere
910 700 956 746 in
992 701 1185 750 navibus
1213 703 1362 765 capti,

68 777 233 833 milites
253 791 492 839 nautaeque
509 791 523 829 3
546 774 594 820 in
623 772 691 819 his
710 784 798 819 tres
816 772 992 819 nobiles
1012 773 1360 838 Carthaginien-

68 849 196 896 fium.
235 848 390 895 Claffis
419 849 628 894 Romana
647 844 890 892 incolumis
908 881 922 904 ‚
945 862 1036 892 una
1065 857 1239 893 tantum
1260 864 1361 910 per·

67 922 215 970 forata
242 921 382 979 navi,
418 920 493 966 sed
518 936 568 966 ea
594 934 780 983 quoque
815 918 907 982 ipsa
936 919 1126 977 reduce,
1165 920 1214 967 in
1246 937 1361 984 por-

67 1007 163 1042 tum
191 992 334 1042 rediit.
368 992 625 1039 Secundum
646 991 762 1038 hanc
779 1008 973 1055 pugnam
994 1027 1007 1050 ,
1026 992 1231 1040 nondum
1252 1011 1361 1058 gna-

67 1066 128 1112 ris
157 1064 254 1126 ejus
272 1100 287 1121 ‚
318 1063 398 1126 qui
420 1061 626 1109 Messanae
648 1075 801 1120 erant,
829 1061 902 1108 Ti.
926 1061 1217 1125 Sempronius
1245 1081 1364 1112 con-

69 1138 139 1186 sul
165 1137 408 1184 Messanam
439 1135 582 1185 venit.
616 1135 669 1181 Ei
699 1134 863 1181 fretum
898 1133 1085 1182 intranti
1117 1152 1196 1182 rex
1214 1137 1360 1185 Hiero

69 1213 246 1261 claffem
276 1221 480 1258 ornatam
507 1209 697 1258 obviam
726 1208 878 1254 duxit:
912 1207 1283 1273 transgressusque
1303 1228 1364 1259 ex

68 1286 193 1350 regia
210 1285 258 1332 in
278 1282 536 1348 praetoriam
556 1297 745 1339 navem,
767 1278 1009 1343 gratulatus
1029 1281 1239 1343 sospitem
1260 1300 1364 1331 cum

69 1360 276 1408 exercitu
305 1360 355 1406 &
371 1357 563 1405 navibus
582 1355 810 1403 advenisse
824 1389 839 1413 ,
869 1354 1161 1418 precatusque
1182 1357 1365 1420 prospe-

70 1452 171 1481 rum
196 1450 250 1480 ac
279 1431 458 1479 felicem
479 1430 527 1477 in
548 1429 744 1477 Siciliam
763 1428 994 1475 transitum
1007 1445 1024 1485 3
1059 1427 1218 1476 statum
1239 1431 1367 1477 dein-

70 1509 126 1556 de
160 1507 317 1554 insulae
356 1509 406 1555 &
443 1502 882 1567 Carthaginiensium
922 1515 1085 1551 conata
1123 1506 1365 1568 exposuit:

70 1579 391 1646 pollicitusque
410 1579 500 1638 est,
530 1595 622 1642 quo
643 1577 798 1624 animo
819 1577 971 1640 priore
995 1578 1118 1624 bello
1137 1581 1363 1643 populum

70 1654 333 1700 Romanum
352 1650 529 1713 juvenis
556 1648 795 1712 adjuvisset
813 1685 827 1709 ‚
850 1666 907 1696 eo
924 1648 1070 1696 senem
1092 1650 1363 1713 adjuturum.

73 1730 366 1774 frumentum
386 1723 743 1786 vestimentaque
775 1722 862 1769 sese
892 1723 1146 1786 legionibus
1167 1725 1365 1773 consulis

72 1799 293 1863 sociisque
322 1798 561 1846 navalibus
580 1797 714 1860 gratis
743 1797 1054 1859 praebiturum.
1084 1800 1248 1861 grande
1281 1817 1366 1862 pe-

71 1873 269 1922 riculum
286 1871 496 1935 Lilybaeo
517 1870 835 1934 maritimisque
870 1871 1133 1919 civitatibus
1165 1871 1250 1920 effe
1268 1910 1283 1930 ‚
1312 1876 1364 1922 δε

75 1943 342 2009 quibusdam
362 1942 630 1990 volentibus
650 1958 795 1990 novas
815 1958 882 1989 res
902 1941 1016 1988 fore.
1038 1942 1115 1988 Ob
1137 1942 1234 1993 haec
1254 1960 1368 1990 con-

75 2018 158 2067 suli
188 2017 302 2065 nihil
323 2016 622 2064 cunctandum
643 2015 789 2062 visum
807 2051 822 2073 ‚
842 2016 952 2076 quin
972 2015 1227 2079 Lilybaeum
1252 2018 1368 2064 clas-

75 2092 119 2140 se
138 2102 335 2154 peteret:
365 2090 414 2137 &
432 2106 511 2136 rex
533 2089 745 2152 regiaque
768 2088 907 2134 claffis
939 2106 1027 2134 una
1052 2088 1258 2151 profecti.
1287 2107 1364 2137 na-

77 2165 286 2228 vigantes
318 2163 422 2209 inde
441 2198 455 2221 ,
488 2174 732 2226 pugnatum
760 2162 815 2208 ad
849 2161 1132 2225 Lilybaeum,
1165 2162 1369 2227 fusasque

78 2239 130 2286 &
151 2249 301 2301 captas
332 2236 526 2283 hostium
553 2252 718 2293 naves,
747 2251 975 2297 accepere.

145 2312 214 2358 LI.
248 2314 287 2358 A
314 2310 524 2375 Lilybaeo
556 2308 744 2368 consul,
769 2308 972 2356 Hierone
1003 2327 1104 2357 cum
1136 2310 1264 2357 classe
1293 2328 1366 2358 re-

81 2384 152 2448 gia
186 2383 392 2442 dimisso,
423 2384 671 2448 relictoque
699 2396 894 2447 praetore
926 2385 981 2431 ad
1009 2387 1220 2433 tuendam
1251 2386 1366 2432 Sici-

82 2456 153 2501 liae
182 2471 338 2513 oram,
371 2455 462 2517 ipse
494 2457 539 2503 in
569 2455 759 2502 insulam
793 2455 1023 2513 Melitam,
1061 2475 1161 2521 quae
1190 2475 1214 2503 a
1250 2458 1367 2504 Car-

84 2528 433 2592 thaginiensibus
464 2532 727 2592 tenebatur,
759 2530 947 2594 trajecit.
984 2532 1365 2583 AdvenientiHa·
