1701 3008
248 219 341 262 41²·
609 201 1176 251 TITILIVII

243 311 344 358 fuit.
376 311 451 358 sex
480 310 617 358 millia
636 310 831 377 hostium
862 311 998 371 caesa,
1023 312 1115 362 duo
1149 326 1278 379 capta
1301 333 1404 365 cum
1424 334 1537 382 prae-

247 384 359 430 sidio
391 383 653 431 castrorum.
694 401 798 430 nam
820 385 871 432 &
891 385 1028 433 castra
1051 401 1304 452 expugnata
1324 389 1451 449 sunt,
1473 403 1537 439 at-

246 474 333 520 que
363 457 454 518 ipse
481 457 575 503 dux
610 474 713 504 cum
746 457 925 523 aliquot
957 460 1239 524 principibus
1268 464 1538 526 capiuntur:

242 530 292 576 &
311 528 486 586 Sciffis,
517 529 828 592 propinquum
855 531 1005 579 castris
1027 535 1274 597 oppidum,
1304 553 1538 601 expugna-

242 613 330 648 tur.
367 606 583 648 Ceterum
604 603 755 665 praeda
772 604 931 668 oppidi
952 607 1083 669 parvi
1104 609 1237 671 pretii
1255 627 1405 657 rerum
1425 610 1536 669 fuit;

241 673 443 736 supellex
476 675 739 733 barbarica,
774 693 827 723 ac
862 678 1023 725 vilium
1055 681 1403 745 mancipiorum.
1460 701 1535 732 ca·

240 746 325 794 stra
360 748 550 795 militem
583 748 812 808 ditavere,
852 769 949 798 non
978 752 1073 815 ejus
1105 755 1247 801 modo
1276 757 1536 817 exercitus,

239 822 317 886 qui
355 822 501 871 viclus
531 840 652 880 erat,
687 823 760 871 sed
789 827 841 873 δε
875 825 998 889 ejus,
1036 829 1245 893 quicum
1281 826 1554 880 Hannibale¹

239 913 284 941 in
317 895 441 942 Italia
475 897 719 957 militabat,
754 900 969 950 omnibus
1002 901 1094 949 fere
1132 903 1246 951 caris
1279 906 1414 952 rebus
1447 906 1536 970 (ne

238 969 395 1031 gravia
427 971 749 1033 impedimenta
781 972 1030 1025 ferentibus
1062 977 1232 1042 effent)
1268 978 1379 1026 citra
1398 980 1534 1044 Pyre-

236 1060 386 1089 naeum
416 1045 594 1092 reliffis.
968 1070 970 1073 ·

304 1114 425 1164 LXI.
460 1118 722 1182 Priusquam
741 1131 861 1168 certa
890 1120 1022 1182 hujus
1049 1121 1185 1171 cladis
1218 1123 1335 1170 fama
1355 1124 1534 1172 accide-

238 1200 331 1248 ret,
362 1191 650 1255 transgressus
676 1194 854 1242 Iberum
884 1194 1132 1242 Hasdrubal
1162 1215 1265 1244 cum
1295 1199 1402 1246 octo
1426 1198 1533 1245 mil-

238 1261 354 1310 libus
376 1265 579 1326 peditum
595 1302 608 1322 ,
629 1267 752 1314 mille
781 1268 1009 1332 equitum,
1030 1281 1243 1333 tanquam
1264 1271 1319 1317 ad
1339 1271 1532 1334 primum

238 1336 484 1385 adventum
515 1340 832 1388 Romanorum
854 1342 1122 1391 occursurus
1139 1380 1151 1403 ,
1169 1344 1406 1408 postquam
1431 1363 1530 1408 per-

239 1412 351 1459 ditas
382 1430 448 1460 res
468 1415 523 1462 ad
540 1416 708 1463 Sciffim
729 1416 1126 1480 amissaque-castra
1150 1421 1349 1482 accepit,
1375 1420 1459 1467 iter
1478 1420 1532 1466 ad

238 1501 359 1532 mare
391 1489 638 1536 convertit.
676 1490 807 1537 Haud
839 1490 1002 1552 procul
1034 1491 1295 1538 Tarracone
1325 1491 1529 1539 clafficos

237 1558 403 1605 milites
438 1561 709 1626 navalesque
742 1561 915 1621 socios,
949 1579 1094 1627 vagos
1125 1563 1411 1627 palantesque
1447 1581 1527 1628 per

236 1646 367 1692 agros
399 1630 558 1697 (quod
593 1632 731 1681 ferme
757 1633 836 1693 fit,
881 1647 932 1682 ut
963 1635 1166 1684 secundae
1191 1653 1261 1683 res
1292 1636 1529 1701 negligen-

222 1703 350 1759 tiam
386 1703 573 1768 creent)
613 1705 764 1768 equite
797 1708 949 1769 paffim
981 1708 1190 1766 dimisso,
1231 1726 1335 1757 cum
1373 1727 1531 1774 magna

237 1774 391 1832 caede,
421 1774 589 1835 majore
622 1776 727 1841 fuga
763 1778 819 1825 ad
854 1796 992 1827 naves
1031 1780 1277 1844 compellit.
1313 1798 1397 1829 nec
1427 1782 1530 1829 diu-

234 1845 321 1892 tius
348 1847 466 1895 circa
492 1867 543 1896 ea
569 1850 672 1897 loca
692 1852 861 1898 morari
889 1852 1043 1913 ausus,
1085 1871 1141 1900 ne
1167 1872 1192 1901 a
1209 1854 1423 1918 Scipione
1444 1871 1532 1918 op-

238 1918 536 1980 primeretur,
569 1936 691 1971 trans
718 1924 895 1973 Iberum
929 1926 1014 1974 sese
1045 1928 1228 1990 recepit.
1263 1931 1318 1974 Et
1343 1928 1528 1991 Scipio,

239 1991 400 2052 raptim
437 1994 490 2040 ad
518 1994 682 2042 famam
713 2013 949 2044 novorum
978 1998 1175 2046 hostium
1203 1999 1379 2063 agmine
1398 2001 1528 2058 acto,

241 2076 343 2107 cum
378 2063 424 2109 in
460 2083 629 2128 paucos
661 2068 893 2130 praefectos
920 2071 1104 2119 navium
1127 2071 1527 2130 animadvertisset,

241 2133 448 2194 praefidio
466 2139 728 2187 Tarracone
748 2142 932 2189 modico
951 2143 1108 2190 reficio
1125 2180 1139 2203 ‚
1171 2145 1405 2207 Emporias
1426 2161 1528 2192 cum

243 2207 296 2252 cl·
289 2207 371 2253 iffe
396 2210 539 2257 rediit.
576 2213 777 2261 Vixdum
807 2216 998 2280 digreffo
1030 2234 1117 2275 eo,
1148 2218 1393 2265 Hasdrubal
1421 2218 1529 2264 ade-

240 2293 336 2323 rat:
376 2282 452 2337 &‚
490 2283 725 2348 Ilergetum
759 2288 966 2350 populo,
1001 2290 1077 2353 qui
1111 2291 1285 2337 obfides
1319 2290 1523 2353 Scipioni

240 2352 448 2412 dederat,
468 2356 522 2402 ad
544 2358 840 2407 defeclionem
866 2363 1089 2426 impulso,
1105 2381 1206 2411 cum
1225 2380 1380 2410 eorum
1402 2365 1526 2428 ipso-

240 2439 340 2470 rum
375 2425 615 2487 juventute
646 2449 778 2495 agros
813 2433 1010 2481 fidelium
1046 2437 1265 2483 Romanis
1296 2436 1525 2485 sociorum

240 2496 395 2545 vastat.
434 2502 598 2549 Excito
632 2503 789 2551 deinde
817 2506 1032 2569 Scipione
1064 2508 1294 2567 hibernis,
1321 2520 1426 2554 toto
1454 2508 1523 2555 cis
