<?xml version="1.0" encoding="UTF-8"?>
<!DOCTYPE html PUBLIC "-//W3C//DTD XHTML 1.0 Transitional//EN"
    "http://www.w3.org/TR/xhtml1/DTD/xhtml1-transitional.dtd">
<html xmlns="http://www.w3.org/1999/xhtml" xml:lang="en" lang="en">
 <head>
  <title>
</title>
<meta http-equiv="Content-Type" content="text/html;charset=utf-8" />
  <meta name='ocr-system' content='tesseract 3.04.00' />
  <meta name='ocr-capabilities' content='ocr_page ocr_carea ocr_par ocr_line ocrx_word'/>
</head>
<body>
  <div class='ocr_page' id='page_1' title='image "./historiarumlibri03livyuoft_0181.png"; bbox 0 0 1701 3008; ppageno 0'>
   <div class='ocr_carea' id='block_1_1' title="bbox 293 160 1386 234">
    <p class='ocr_par' dir='ltr' id='par_1_1' title="bbox 293 160 1386 234">
     <span class='ocr_line' id='line_1_1' title="bbox 293 160 1386 234; baseline -0.004 -12"><span class='ocrx_word' id='word_1_1' title='bbox 293 175 377 222; x_wconf 75' lang='lat' dir='ltr'><strong>IN</strong></span> <span class='ocrx_word' id='word_1_2' title='bbox 428 172 966 220; x_wconf 82' lang='lat' dir='ltr'>LOC.L113.XV</span> <span class='ocrx_word' id='word_1_3' title='bbox 1015 160 1175 219; x_wconf 53' lang='lat' dir='ltr'><strong>L1Vq</strong></span> <span class='ocrx_word' id='word_1_4' title='bbox 1301 187 1386 234; x_wconf 80' lang='lat'><strong>173</strong></span> 
     </span>
    </p>
   </div>
   <div class='ocr_carea' id='block_1_2' title="bbox 75 278 1461 2384">
    <p class='ocr_par' dir='ltr' id='par_1_2' title="bbox 75 278 1461 1640">
     <span class='ocr_line' id='line_1_2' title="bbox 159 278 1392 333; baseline -0.002 -10"><span class='ocrx_word' id='word_1_5' title='bbox 159 283 204 323; x_wconf 73' lang='lat' dir='ltr'><strong>V.</strong></span> <span class='ocrx_word' id='word_1_6' title='bbox 229 282 482 333; x_wconf 77' lang='lat' dir='ltr'><strong>Asperrimam</strong></span> <span class='ocrx_word' id='word_1_7' title='bbox 509 281 568 320; x_wconf 87' lang='lat' dir='ltr'><strong>his</strong></span> <span class='ocrx_word' id='word_1_8' title='bbox 602 278 821 319; x_wconf 86' lang='lat' dir='ltr'><strong>consulibus</strong></span> <span class='ocrx_word' id='word_1_9' title='bbox 843 279 1013 319; x_wconf 84' lang='lat' dir='ltr'><strong>hiemem</strong></span> <span class='ocrx_word' id='word_1_10' title='bbox 1034 279 1143 319; x_wconf 85' lang='lat' dir='ltr'><strong>fuiffe</strong></span> <span class='ocrx_word' id='word_1_11' title='bbox 1159 279 1294 319; x_wconf 67' lang='lat' dir='ltr'><strong>Romae</strong></span> <span class='ocrx_word' id='word_1_12' title='bbox 1318 286 1392 320; x_wconf 70' lang='lat' dir='ltr'><strong>tra&lt;</strong></span> 
     </span>
     <span class='ocr_line' id='line_1_3' title="bbox 105 341 1393 394; baseline -0.003 -9"><span class='ocrx_word' id='word_1_13' title='bbox 105 347 232 394; x_wconf 74' lang='lat' dir='ltr'><strong>ditur3</strong></span> <span class='ocrx_word' id='word_1_14' title='bbox 265 356 308 384; x_wconf 83' lang='lat' dir='ltr'><strong>ut</strong></span> <span class='ocrx_word' id='word_1_15' title='bbox 339 344 494 383; x_wconf 84' lang='lat' dir='ltr'><strong>arbores</strong></span> <span class='ocrx_word' id='word_1_16' title='bbox 527 352 703 382; x_wconf 89' lang='lat' dir='ltr'><strong>emortuo</strong></span> <span class='ocrx_word' id='word_1_17' title='bbox 733 341 848 381; x_wconf 89' lang='lat' dir='ltr'><strong>succo</strong></span> <span class='ocrx_word' id='word_1_18' title='bbox 883 342 1069 390; x_wconf 84' lang='lat' dir='ltr'><strong>aruerint,</strong></span> <span class='ocrx_word' id='word_1_19' title='bbox 1097 341 1246 382; x_wconf 87' lang='lat' dir='ltr'><strong>Tiberis</strong></span> <span class='ocrx_word' id='word_1_20' title='bbox 1277 341 1393 381; x_wconf 81' lang='lat' dir='ltr'><strong>densa</strong></span> 
     </span>
     <span class='ocr_line' id='line_1_4' title="bbox 108 402 1394 459; baseline -0.004 -12"><span class='ocrx_word' id='word_1_21' title='bbox 108 408 229 459; x_wconf 58' lang='lat' dir='ltr'><strong>glacie</strong></span> <span class='ocrx_word' id='word_1_22' title='bbox 254 405 515 454; x_wconf 79' lang='lat' dir='ltr'><strong>concreverit,</strong></span> <span class='ocrx_word' id='word_1_23' title='bbox 536 407 708 454; x_wconf 83' lang='lat' dir='ltr'><strong>jumenta</strong></span> <span class='ocrx_word' id='word_1_24' title='bbox 738 407 772 444; x_wconf 68' lang='grc' dir='ltr'>ἃ</span> <span class='ocrx_word' id='word_1_25' title='bbox 793 404 962 455; x_wconf 84' lang='lat' dir='ltr'><strong>pecudes</strong></span> <span class='ocrx_word' id='word_1_26' title='bbox 989 403 1117 454; x_wconf 87' lang='lat' dir='ltr'><strong>inopia</strong></span> <span class='ocrx_word' id='word_1_27' title='bbox 1143 402 1275 454; x_wconf 86' lang='lat' dir='ltr'>pabuli</span> <span class='ocrx_word' id='word_1_28' title='bbox 1302 415 1394 442; x_wconf 88' lang='lat' dir='ltr'><strong>con-</strong></span> 
     </span>
     <span class='ocr_line' id='line_1_5' title="bbox 105 464 1399 517; baseline -0.003 -9"><span class='ocrx_word' id='word_1_29' title='bbox 105 469 315 509; x_wconf 60' lang='lat' dir='ltr'><strong>moue-int.</strong></span> <span class='ocrx_word' id='word_1_30' title='bbox 356 476 539 517; x_wconf 87' lang='lat' dir='ltr'><strong>tantaque</strong></span> <span class='ocrx_word' id='word_1_31' title='bbox 564 466 638 506; x_wconf 86' lang='lat' dir='ltr'><strong>fuit</strong></span> <span class='ocrx_word' id='word_1_32' title='bbox 668 465 917 504; x_wconf 86' lang='lat' dir='ltr'><strong>inclementia</strong></span> <span class='ocrx_word' id='word_1_33' title='bbox 942 464 1056 513; x_wconf 80' lang='lat' dir='ltr'><strong>coeli,</strong></span> <span class='ocrx_word' id='word_1_34' title='bbox 1073 475 1117 503; x_wconf 90' lang='lat' dir='ltr'><strong>ut</strong></span> <span class='ocrx_word' id='word_1_35' title='bbox 1145 466 1185 504; x_wconf 89' lang='lat' dir='ltr'><strong>in</strong></span> <span class='ocrx_word' id='word_1_36' title='bbox 1210 464 1294 503; x_wconf 89' lang='lat' dir='ltr'><strong>foro</strong></span> <span class='ocrx_word' id='word_1_37' title='bbox 1318 465 1399 505; x_wconf 68' lang='lat' dir='ltr'><strong>Ro-</strong></span> 
     </span>
     <span class='ocr_line' id='line_1_6' title="bbox 103 526 1394 577; baseline -0.006 -7"><span class='ocrx_word' id='word_1_38' title='bbox 103 545 223 570; x_wconf 84' lang='lat' dir='ltr'><strong>mano</strong></span> <span class='ocrx_word' id='word_1_39' title='bbox 249 531 355 569; x_wconf 70' lang='lat' dir='ltr'><strong>nives</strong></span> <span class='ocrx_word' id='word_1_40' title='bbox 381 529 581 568; x_wconf 83' lang='lat' dir='ltr'><strong>horrendae</strong></span> <span class='ocrx_word' id='word_1_41' title='bbox 604 526 817 566; x_wconf 82' lang='lat' dir='ltr'>altitudinis</span> <span class='ocrx_word' id='word_1_42' title='bbox 841 538 908 576; x_wconf 88' lang='lat' dir='ltr'><strong>per</strong></span> <span class='ocrx_word' id='word_1_43' title='bbox 932 526 1013 566; x_wconf 80' lang='lat' dir='ltr'><strong>dies</strong></span> <span class='ocrx_word' id='word_1_44' title='bbox 1031 526 1279 577; x_wconf 85' lang='lat' dir='ltr'><strong>quadraginta</strong></span> <span class='ocrx_word' id='word_1_45' title='bbox 1302 538 1394 566; x_wconf 85' lang='lat' dir='ltr'><strong>con-</strong></span> 
     </span>
     <span class='ocr_line' id='line_1_7' title="bbox 89 586 1395 638; baseline -0.005 -6"><span class='ocrx_word' id='word_1_46' title='bbox 89 594 234 632; x_wconf 75' lang='lat' dir='ltr'><strong>‘tinuos</strong></span> <span class='ocrx_word' id='word_1_47' title='bbox 262 592 491 631; x_wconf 77' lang='lat' dir='ltr'><strong>duraverint.</strong></span> <span class='ocrx_word' id='word_1_48' title='bbox 537 590 614 630; x_wconf 78' lang='lat' dir='ltr'><strong>Res</strong></span> <span class='ocrx_word' id='word_1_49' title='bbox 637 588 835 637; x_wconf 83' lang='lat' dir='ltr'><strong>inufitata,</strong></span> <span class='ocrx_word' id='word_1_50' title='bbox 860 596 903 627; x_wconf 92' lang='lat' dir='ltr'><strong>ut</strong></span> <span class='ocrx_word' id='word_1_51' title='bbox 931 587 996 634; x_wconf 78' lang='lat' dir='ltr'><strong>fit,</strong></span> <span class='ocrx_word' id='word_1_52' title='bbox 1024 601 1044 627; x_wconf 86' lang='lat' dir='ltr'><strong>a</strong></span> <span class='ocrx_word' id='word_1_53' title='bbox 1072 586 1200 626; x_wconf 88' lang='lat' dir='ltr'><strong>multis</strong></span> <span class='ocrx_word' id='word_1_54' title='bbox 1231 587 1395 638; x_wconf 82' lang='lat' dir='ltr'><strong>prodigii</strong></span> 
     </span>
     <span class='ocr_line' id='line_1_8' title="bbox 105 649 1397 701; baseline -0.005 -7"><span class='ocrx_word' id='word_1_55' title='bbox 105 655 196 694; x_wconf 82' lang='lat' dir='ltr'><strong>loco</strong></span> <span class='ocrx_word' id='word_1_56' title='bbox 224 654 385 701; x_wconf 73' lang='lat' dir='ltr'><strong>habita,</strong></span> <span class='ocrx_word' id='word_1_57' title='bbox 412 652 634 692; x_wconf 79' lang='lat' dir='ltr'><strong>vehementi</strong></span> <span class='ocrx_word' id='word_1_58' title='bbox 663 660 805 690; x_wconf 87' lang='lat' dir='ltr'><strong>terrore</strong></span> <span class='ocrx_word' id='word_1_59' title='bbox 841 650 1046 688; x_wconf 89' lang='lat' dir='ltr'><strong>hominum</strong></span> <span class='ocrx_word' id='word_1_60' title='bbox 1083 649 1232 688; x_wconf 84' lang='lat' dir='ltr'><strong>animos</strong></span> <span class='ocrx_word' id='word_1_61' title='bbox 1261 661 1397 699; x_wconf 82' lang='lat' dir='ltr'><strong>percu-</strong></span> 
     </span>
     <span class='ocr_line' id='line_1_9' title="bbox 75 705 1413 763; baseline -0.005 -6"><span class='ocrx_word' id='word_1_62' title='bbox 75 735 79 738; x_wconf 92' lang='lat'>·</span> <span class='ocrx_word' id='word_1_63' title='bbox 106 718 177 758; x_wconf 76' lang='lat' dir='ltr'><strong>lit:</strong></span> <span class='ocrx_word' id='word_1_64' title='bbox 214 717 420 756; x_wconf 83' lang='lat' dir='ltr'><strong>intentiore</strong></span> <span class='ocrx_word' id='word_1_65' title='bbox 455 715 579 754; x_wconf 87' lang='lat' dir='ltr'><strong>statim</strong></span> <span class='ocrx_word' id='word_1_66' title='bbox 619 723 752 761; x_wconf 77' lang='lat' dir='ltr'><strong>metu,</strong></span> <span class='ocrx_word' id='word_1_67' title='bbox 780 725 870 752; x_wconf 89' lang='lat' dir='ltr'><strong>cum</strong></span> <span class='ocrx_word' id='word_1_68' title='bbox 909 713 958 763; x_wconf 79' lang='lat' dir='ltr'><strong>Q.</strong></span> <span class='ocrx_word' id='word_1_69' title='bbox 987 711 1156 763; x_wconf 85' lang='lat' dir='ltr'><strong>Ogulnio</strong></span> <span class='ocrx_word' id='word_1_70' title='bbox 1191 711 1322 760; x_wconf 73' lang='lat' dir='ltr'><strong>Gallo,</strong></span> <span class='ocrx_word' id='word_1_71' title='bbox 1349 705 1413 751; x_wconf 50' lang='lat' dir='ltr'><strong>C(</strong></span> 
     </span>
     <span class='ocr_line' id='line_1_10' title="bbox 106 773 1395 826; baseline -0.004 -8"><span class='ocrx_word' id='word_1_72' title='bbox 106 778 228 818; x_wconf 71' lang='lat' dir='ltr'><strong>fabio</strong></span> <span class='ocrx_word' id='word_1_73' title='bbox 242 777 389 819; x_wconf 60' lang='lat' dir='ltr'><strong>Pictore</strong></span> <span class='ocrx_word' id='word_1_74' title='bbox 403 776 666 826; x_wconf 83' lang='lat' dir='ltr'><strong>magistratum</strong></span> <span class='ocrx_word' id='word_1_75' title='bbox 681 774 849 825; x_wconf 74' lang='lat' dir='ltr'><strong>ingressis</strong></span> <span class='ocrx_word' id='word_1_76' title='bbox 871 773 991 813; x_wconf 86' lang='lat' dir='ltr'><strong>multa</strong></span> <span class='ocrx_word' id='word_1_77' title='bbox 1011 784 1253 812; x_wconf 82' lang='lat' dir='ltr'><strong>cernerentur</strong></span> <span class='ocrx_word' id='word_1_78' title='bbox 1273 774 1395 813; x_wconf 86' lang='lat' dir='ltr'><strong>osten-</strong></span> 
     </span>
     <span class='ocr_line' id='line_1_11' title="bbox 108 836 1394 890; baseline -0.005 -9"><span class='ocrx_word' id='word_1_79' title='bbox 108 853 171 890; x_wconf 64' lang='lat' dir='ltr'><strong>ta,</strong></span> <span class='ocrx_word' id='word_1_80' title='bbox 189 841 310 880; x_wconf 72' lang='lat' dir='ltr'><strong>multa</strong></span> <span class='ocrx_word' id='word_1_81' title='bbox 334 840 613 879; x_wconf 86' lang='lat' dir='ltr'><strong>nuntiarentur.</strong></span> <span class='ocrx_word' id='word_1_82' title='bbox 642 839 779 879; x_wconf 84' lang='lat' dir='ltr'><strong>Romae</strong></span> <span class='ocrx_word' id='word_1_83' title='bbox 803 837 906 876; x_wconf 89' lang='lat' dir='ltr'><strong>enim</strong></span> <span class='ocrx_word' id='word_1_84' title='bbox 933 838 1033 877; x_wconf 79' lang='lat' dir='ltr'><strong>aedes</strong></span> <span class='ocrx_word' id='word_1_85' title='bbox 1059 836 1199 877; x_wconf 87' lang='lat' dir='ltr'><strong>Salutis</strong></span> <span class='ocrx_word' id='word_1_86' title='bbox 1214 868 1227 884; x_wconf 85' lang='lat'>,</span> <span class='ocrx_word' id='word_1_87' title='bbox 1251 839 1285 877; x_wconf 69' lang='grc' dir='ltr'><strong>ἃ</strong></span> <span class='ocrx_word' id='word_1_88' title='bbox 1310 850 1394 888; x_wconf 81' lang='lat' dir='ltr'><strong>pars</strong></span> 
     </span>
     <span class='ocr_line' id='line_1_12' title="bbox 104 899 1396 950; baseline -0.003 -7"><span class='ocrx_word' id='word_1_89' title='bbox 104 902 213 944; x_wconf 80' lang='lat' dir='ltr'><strong>muri</strong></span> <span class='ocrx_word' id='word_1_90' title='bbox 247 902 314 943; x_wconf 87' lang='lat' dir='ltr'><strong>sub</strong></span> <span class='ocrx_word' id='word_1_91' title='bbox 337 903 476 943; x_wconf 83' lang='lat' dir='ltr'><strong>eodem</strong></span> <span class='ocrx_word' id='word_1_92' title='bbox 499 901 614 949; x_wconf 87' lang='lat' dir='ltr'><strong>loco,</strong></span> <span class='ocrx_word' id='word_1_93' title='bbox 647 901 694 941; x_wconf 90' lang='lat' dir='ltr'><strong>de</strong></span> <span class='ocrx_word' id='word_1_94' title='bbox 719 900 818 940; x_wconf 89' lang='lat' dir='ltr'><strong>coelo</strong></span> <span class='ocrx_word' id='word_1_95' title='bbox 845 903 958 940; x_wconf 50' lang='lat' dir='ltr'><strong>taela.</strong></span> <span class='ocrx_word' id='word_1_96' title='bbox 994 900 1091 950; x_wconf 87' lang='lat' dir='ltr'><strong>Lupi</strong></span> <span class='ocrx_word' id='word_1_97' title='bbox 1117 908 1192 938; x_wconf 88' lang='lat' dir='ltr'><strong>tres</strong></span> <span class='ocrx_word' id='word_1_98' title='bbox 1220 911 1309 938; x_wconf 85' lang='lat' dir='ltr'><strong>ante</strong></span> <span class='ocrx_word' id='word_1_99' title='bbox 1331 899 1396 939; x_wconf 91' lang='lat' dir='ltr'><strong>lu·-</strong></span> 
     </span>
     <span class='ocr_line' id='line_1_13' title="bbox 104 961 1397 1015; baseline -0.003 -10"><span class='ocrx_word' id='word_1_100' title='bbox 104 979 195 1005; x_wconf 67' lang='lat' dir='ltr'><strong>cem</strong></span> <span class='ocrx_word' id='word_1_101' title='bbox 226 965 371 1006; x_wconf 85' lang='lat' dir='ltr'><strong>Urbem</strong></span> <span class='ocrx_word' id='word_1_102' title='bbox 404 963 553 1015; x_wconf 84' lang='lat' dir='ltr'><strong>ingressi</strong></span> <span class='ocrx_word' id='word_1_103' title='bbox 594 962 781 1003; x_wconf 86' lang='lat' dir='ltr'><strong>semesum</strong></span> <span class='ocrx_word' id='word_1_104' title='bbox 814 963 976 1003; x_wconf 84' lang='lat' dir='ltr'><strong>cadaver</strong></span> <span class='ocrx_word' id='word_1_105' title='bbox 1006 961 1240 1011; x_wconf 88' lang='lat' dir='ltr'><strong>intulerunt,</strong></span> <span class='ocrx_word' id='word_1_106' title='bbox 1276 976 1397 1002; x_wconf 87' lang='lat' dir='ltr'><strong>mem-</strong></span> 
     </span>
     <span class='ocr_line' id='line_1_14' title="bbox 110 1024 1398 1078; baseline -0.003 -10"><span class='ocrx_word' id='word_1_107' title='bbox 110 1029 325 1078; x_wconf 77' lang='lat' dir='ltr'><strong>bratimque</strong></span> <span class='ocrx_word' id='word_1_108' title='bbox 358 1026 593 1075; x_wconf 85' lang='lat' dir='ltr'><strong>laceratum,</strong></span> <span class='ocrx_word' id='word_1_109' title='bbox 619 1026 658 1065; x_wconf 92' lang='lat' dir='ltr'><strong>in</strong></span> <span class='ocrx_word' id='word_1_110' title='bbox 690 1025 798 1075; x_wconf 87' lang='lat' dir='ltr'><strong>foro,</strong></span> <span class='ocrx_word' id='word_1_111' title='bbox 823 1025 888 1076; x_wconf 79' lang='lat' dir='ltr'><strong>ipsi</strong></span> <span class='ocrx_word' id='word_1_112' title='bbox 917 1025 1071 1075; x_wconf 81' lang='lat' dir='ltr'><strong>strepitu</strong></span> <span class='ocrx_word' id='word_1_113' title='bbox 1099 1024 1302 1064; x_wconf 82' lang='lat' dir='ltr'><strong>hominum</strong></span> <span class='ocrx_word' id='word_1_114' title='bbox 1331 1037 1398 1064; x_wconf 75' lang='lat' dir='ltr'><strong>ex-</strong></span> 
     </span>
     <span class='ocr_line' id='line_1_15' title="bbox 109 1087 1398 1143; baseline -0.005 -10"><span class='ocrx_word' id='word_1_115' title='bbox 109 1094 254 1141; x_wconf 78' lang='lat' dir='ltr'><strong>territi,</strong></span> <span class='ocrx_word' id='word_1_116' title='bbox 271 1092 515 1143; x_wconf 89' lang='lat' dir='ltr'><strong>reliquerunt.</strong></span> <span class='ocrx_word' id='word_1_117' title='bbox 544 1090 704 1131; x_wconf 87' lang='lat' dir='ltr'>Formiis</span> <span class='ocrx_word' id='word_1_118' title='bbox 725 1090 868 1129; x_wconf 85' lang='lat' dir='ltr'><strong>moenia</strong></span> <span class='ocrx_word' id='word_1_119' title='bbox 884 1088 1050 1128; x_wconf 83' lang='lat' dir='ltr'><strong>fulmine</strong></span> <span class='ocrx_word' id='word_1_120' title='bbox 1074 1087 1204 1140; x_wconf 80' lang='lat' dir='ltr'><strong>saepius</strong></span> <span class='ocrx_word' id='word_1_121' title='bbox 1227 1090 1301 1128; x_wconf 68' lang='lat' dir='ltr'><strong>ista</strong></span> <span class='ocrx_word' id='word_1_122' title='bbox 1323 1089 1398 1128; x_wconf 83' lang='lat' dir='ltr'><strong>dis-</strong></span> 
     </span>
     <span class='ocr_line' id='line_1_16' title="bbox 109 1151 1399 1207; baseline -0.003 -11"><span class='ocrx_word' id='word_1_123' title='bbox 109 1159 286 1207; x_wconf 64' lang='lat' dir='ltr'><strong>jectaque</strong></span> <span class='ocrx_word' id='word_1_124' title='bbox 308 1154 608 1195; x_wconf 82' lang='lat' dir='ltr'><strong>nuntiabantur:</strong></span> <span class='ocrx_word' id='word_1_125' title='bbox 647 1155 683 1193; x_wconf 70' lang='grc' dir='ltr'><strong>δι</strong></span> <span class='ocrx_word' id='word_1_126' title='bbox 711 1154 752 1193; x_wconf 91' lang='lat' dir='ltr'><strong>in</strong></span> <span class='ocrx_word' id='word_1_127' title='bbox 779 1166 868 1203; x_wconf 85' lang='lat' dir='ltr'><strong>agro</strong></span> <span class='ocrx_word' id='word_1_128' title='bbox 887 1151 1031 1192; x_wconf 83' lang='lat' dir='ltr'><strong>Caleno</strong></span> <span class='ocrx_word' id='word_1_129' title='bbox 1060 1152 1218 1192; x_wconf 63' lang='lat' dir='ltr'><strong>diducta</strong></span> <span class='ocrx_word' id='word_1_130' title='bbox 1241 1160 1399 1202; x_wconf 80' lang='lat' dir='ltr'><strong>repente</strong></span> 
     </span>
     <span class='ocr_line' id='line_1_17' title="bbox 108 1215 1399 1268; baseline -0.005 -9"><span class='ocrx_word' id='word_1_131' title='bbox 108 1228 208 1259; x_wconf 83' lang='lat' dir='ltr'><strong>terra</strong></span> <span class='ocrx_word' id='word_1_132' title='bbox 234 1220 430 1259; x_wconf 84' lang='lat' dir='ltr'><strong>flammam</strong></span> <span class='ocrx_word' id='word_1_133' title='bbox 456 1216 618 1268; x_wconf 73' lang='lat' dir='ltr'><strong>erupisse</strong></span> <span class='ocrx_word' id='word_1_134' title='bbox 644 1215 810 1262; x_wconf 81' lang='lat' dir='ltr'><strong>alatam,</strong></span> <span class='ocrx_word' id='word_1_135' title='bbox 837 1228 919 1266; x_wconf 89' lang='lat' dir='ltr'><strong>quae</strong></span> <span class='ocrx_word' id='word_1_136' title='bbox 955 1215 1084 1254; x_wconf 86' lang='lat' dir='ltr'><strong>triduo</strong></span> <span class='ocrx_word' id='word_1_137' title='bbox 1119 1222 1201 1254; x_wconf 85' lang='lat' dir='ltr'><strong>toto</strong></span> <span class='ocrx_word' id='word_1_138' title='bbox 1237 1215 1399 1266; x_wconf 75' lang='lat' dir='ltr'><strong>flagrans</strong></span> 
     </span>
     <span class='ocr_line' id='line_1_18' title="bbox 112 1275 1400 1331; baseline -0.002 -12"><span class='ocrx_word' id='word_1_139' title='bbox 112 1281 281 1331; x_wconf 87' lang='lat' dir='ltr'><strong>quinque</strong></span> <span class='ocrx_word' id='word_1_140' title='bbox 311 1280 393 1330; x_wconf 76' lang='lat' dir='ltr'><strong>agri</strong></span> <span class='ocrx_word' id='word_1_141' title='bbox 425 1281 558 1329; x_wconf 82' lang='lat' dir='ltr'><strong>jugera</strong></span> <span class='ocrx_word' id='word_1_142' title='bbox 595 1276 711 1328; x_wconf 87' lang='lat' dir='ltr'><strong>usque</strong></span> <span class='ocrx_word' id='word_1_143' title='bbox 744 1277 783 1316; x_wconf 93' lang='lat' dir='ltr'><strong>in</strong></span> <span class='ocrx_word' id='word_1_144' title='bbox 818 1278 985 1316; x_wconf 83' lang='lat' dir='ltr'><strong>cinerem</strong></span> <span class='ocrx_word' id='word_1_145' title='bbox 1023 1275 1225 1324; x_wconf 76' lang='lat' dir='ltr'><strong>exusserit,</strong></span> <span class='ocrx_word' id='word_1_146' title='bbox 1251 1286 1293 1315; x_wconf 91' lang='lat' dir='ltr'><strong>ut</strong></span> <span class='ocrx_word' id='word_1_147' title='bbox 1320 1290 1400 1316; x_wconf 86' lang='lat' dir='ltr'><strong>non</strong></span> 
     </span>
     <span class='ocr_line' id='line_1_19' title="bbox 112 1338 1401 1393; baseline -0.002 -11"><span class='ocrx_word' id='word_1_148' title='bbox 112 1343 231 1382; x_wconf 85' lang='lat' dir='ltr'><strong>modo</strong></span> <span class='ocrx_word' id='word_1_149' title='bbox 254 1342 382 1393; x_wconf 88' lang='lat' dir='ltr'><strong>fruges</strong></span> <span class='ocrx_word' id='word_1_150' title='bbox 407 1354 453 1381; x_wconf 87' lang='lat' dir='ltr'><strong>eo</strong></span> <span class='ocrx_word' id='word_1_151' title='bbox 483 1341 570 1380; x_wconf 89' lang='lat' dir='ltr'><strong>loco</strong></span> <span class='ocrx_word' id='word_1_152' title='bbox 598 1342 767 1389; x_wconf 56' lang='lat' dir='ltr'><strong>cunciae,</strong></span> <span class='ocrx_word' id='word_1_153' title='bbox 796 1338 862 1379; x_wconf 82' lang='lat' dir='ltr'><strong>sed</strong></span> <span class='ocrx_word' id='word_1_154' title='bbox 889 1340 1005 1378; x_wconf 86' lang='lat' dir='ltr'><strong>etiam</strong></span> <span class='ocrx_word' id='word_1_155' title='bbox 1039 1338 1191 1378; x_wconf 87' lang='lat' dir='ltr'><strong>arbores</strong></span> <span class='ocrx_word' id='word_1_156' title='bbox 1216 1340 1401 1380; x_wconf 76' lang='lat' dir='ltr'><strong>radicitus</strong></span> 
     </span>
     <span class='ocr_line' id='line_1_20' title="bbox 113 1399 1461 1452; baseline -0.004 -8"><span class='ocrx_word' id='word_1_157' title='bbox 113 1414 384 1444; x_wconf 86' lang='lat' dir='ltr'><strong>emorerentur.</strong></span> <span class='ocrx_word' id='word_1_158' title='bbox 416 1403 502 1444; x_wconf 85' lang='lat' dir='ltr'><strong>Plus</strong></span> <span class='ocrx_word' id='word_1_159' title='bbox 523 1416 566 1443; x_wconf 84' lang='lat' dir='ltr'><strong>ea</strong></span> <span class='ocrx_word' id='word_1_160' title='bbox 594 1415 651 1442; x_wconf 86' lang='lat' dir='ltr'><strong>res</strong></span> <span class='ocrx_word' id='word_1_161' title='bbox 677 1402 825 1440; x_wconf 87' lang='lat' dir='ltr'><strong>timoris</strong></span> <span class='ocrx_word' id='word_1_162' title='bbox 854 1401 1010 1450; x_wconf 79' lang='lat' dir='ltr'><strong>Romae,</strong></span> <span class='ocrx_word' id='word_1_163' title='bbox 1034 1415 1148 1452; x_wconf 81' lang='lat' dir='ltr'><strong>quam</strong></span> <span class='ocrx_word' id='word_1_164' title='bbox 1175 1399 1401 1440; x_wconf 74' lang='lat' dir='ltr'><strong>calamitatis</strong></span> <span class='ocrx_word' id='word_1_165' title='bbox 1458 1426 1461 1429; x_wconf 93' lang='lat'><em>-</em></span> 
     </span>
     <span class='ocr_line' id='line_1_21' title="bbox 112 1462 1401 1514; baseline -0.003 -8"><span class='ocrx_word' id='word_1_166' title='bbox 112 1466 252 1506; x_wconf 84' lang='lat' dir='ltr'><strong>attulit.</strong></span> <span class='ocrx_word' id='word_1_167' title='bbox 292 1465 404 1507; x_wconf 84' lang='lat' dir='ltr'><strong>Nihil</strong></span> <span class='ocrx_word' id='word_1_168' title='bbox 428 1465 529 1504; x_wconf 87' lang='lat' dir='ltr'><strong>enim</strong></span> <span class='ocrx_word' id='word_1_169' title='bbox 560 1476 795 1514; x_wconf 78' lang='lat' dir='ltr'><strong>magnopere</strong></span> <span class='ocrx_word' id='word_1_170' title='bbox 822 1462 1072 1503; x_wconf 84' lang='lat' dir='ltr'><strong>consecutum</strong></span> <span class='ocrx_word' id='word_1_171' title='bbox 1101 1462 1177 1509; x_wconf 85' lang='lat' dir='ltr'><strong>est,</strong></span> <span class='ocrx_word' id='word_1_172' title='bbox 1198 1463 1262 1502; x_wconf 77' lang='lat' dir='ltr'><strong>nili</strong></span> <span class='ocrx_word' id='word_1_173' title='bbox 1296 1462 1401 1513; x_wconf 78' lang='lat' dir='ltr'><strong>quod</strong></span> 
     </span>
     <span class='ocr_line' id='line_1_22' title="bbox 114 1524 1402 1576; baseline -0.004 -8"><span class='ocrx_word' id='word_1_174' title='bbox 114 1529 262 1568; x_wconf 85' lang='lat' dir='ltr'><strong>bellum</strong></span> <span class='ocrx_word' id='word_1_175' title='bbox 289 1541 309 1567; x_wconf 89' lang='lat' dir='ltr'><strong>a</strong></span> <span class='ocrx_word' id='word_1_176' title='bbox 332 1527 549 1568; x_wconf 85' lang='lat' dir='ltr'><strong>Picentibus</strong></span> <span class='ocrx_word' id='word_1_177' title='bbox 576 1538 724 1573; x_wconf 83' lang='lat' dir='ltr'><strong>ortum,</strong></span> <span class='ocrx_word' id='word_1_178' title='bbox 750 1538 928 1576; x_wconf 84' lang='lat' dir='ltr'><strong>annoque</strong></span> <span class='ocrx_word' id='word_1_179' title='bbox 948 1524 1126 1575; x_wconf 82' lang='lat' dir='ltr'><strong>sequente</strong></span> <span class='ocrx_word' id='word_1_180' title='bbox 1153 1525 1402 1572; x_wconf 70' lang='lat' dir='ltr'><strong>confectum,</strong></span> 
     </span>
     <span class='ocr_line' id='line_1_23' title="bbox 116 1586 1146 1640; baseline -0.004 -11"><span class='ocrx_word' id='word_1_181' title='bbox 116 1603 201 1630; x_wconf 87' lang='lat' dir='ltr'><strong>eam</strong></span> <span class='ocrx_word' id='word_1_182' title='bbox 232 1602 386 1640; x_wconf 89' lang='lat' dir='ltr'><strong>quoque</strong></span> <span class='ocrx_word' id='word_1_183' title='bbox 407 1589 603 1639; x_wconf 80' lang='lat' dir='ltr'><strong>regionem</strong></span> <span class='ocrx_word' id='word_1_184' title='bbox 625 1588 809 1628; x_wconf 84' lang='lat' dir='ltr'><strong>Romanae</strong></span> <span class='ocrx_word' id='word_1_185' title='bbox 831 1586 968 1625; x_wconf 84' lang='lat' dir='ltr'><strong>ditioni</strong></span> <span class='ocrx_word' id='word_1_186' title='bbox 991 1587 1146 1635; x_wconf 84' lang='lat' dir='ltr'><strong>adjecit.</strong></span> 
     </span>
    </p>

    <p class='ocr_par' dir='ltr' id='par_1_3' title="bbox 115 1648 1413 2384">
     <span class='ocr_line' id='line_1_24' title="bbox 169 1648 1402 1700; baseline -0.002 -9"><span class='ocrx_word' id='word_1_187' title='bbox 169 1652 236 1692; x_wconf 91' lang='lat' dir='ltr'><strong>Vl.</strong></span> <span class='ocrx_word' id='word_1_188' title='bbox 269 1652 417 1692; x_wconf 87' lang='lat' dir='ltr'><strong>Interea</strong></span> <span class='ocrx_word' id='word_1_189' title='bbox 432 1652 470 1690; x_wconf 89' lang='lat' dir='ltr'><strong>in</strong></span> <span class='ocrx_word' id='word_1_190' title='bbox 492 1650 594 1691; x_wconf 79' lang='lat' dir='ltr'><strong>Urbe</strong></span> <span class='ocrx_word' id='word_1_191' title='bbox 611 1649 781 1700; x_wconf 75' lang='lat' dir='ltr'><strong>signandi</strong></span> <span class='ocrx_word' id='word_1_192' title='bbox 806 1650 950 1700; x_wconf 84' lang='lat' dir='ltr'><strong>argenti</strong></span> <span class='ocrx_word' id='word_1_193' title='bbox 967 1650 1132 1700; x_wconf 87' lang='lat' dir='ltr'><strong>primum</strong></span> <span class='ocrx_word' id='word_1_194' title='bbox 1149 1648 1297 1688; x_wconf 86' lang='lat' dir='ltr'><strong>initium</strong></span> <span class='ocrx_word' id='word_1_195' title='bbox 1315 1648 1402 1697; x_wconf 88' lang='lat' dir='ltr'><strong>fuit,</strong></span> 
     </span>
     <span class='ocr_line' id='line_1_25' title="bbox 115 1711 1404 1762; baseline -0.002 -9"><span class='ocrx_word' id='word_1_196' title='bbox 115 1715 237 1754; x_wconf 67' lang='lat' dir='ltr'><strong>auctis</strong></span> <span class='ocrx_word' id='word_1_197' title='bbox 264 1714 343 1762; x_wconf 89' lang='lat' dir='ltr'><strong>jam</strong></span> <span class='ocrx_word' id='word_1_198' title='bbox 373 1711 543 1751; x_wconf 76' lang='lat' dir='ltr'><strong>successu</strong></span> <span class='ocrx_word' id='word_1_199' title='bbox 573 1725 698 1751; x_wconf 84' lang='lat' dir='ltr'><strong>rerum</strong></span> <span class='ocrx_word' id='word_1_200' title='bbox 725 1711 890 1762; x_wconf 74' lang='lat' dir='ltr'><strong>opibus,</strong></span> <span class='ocrx_word' id='word_1_201' title='bbox 917 1724 1007 1750; x_wconf 87' lang='lat' dir='ltr'><strong>cum</strong></span> <span class='ocrx_word' id='word_1_202' title='bbox 1037 1712 1085 1751; x_wconf 78' lang='lat' dir='ltr'><strong>ad</strong></span> <span class='ocrx_word' id='word_1_203' title='bbox 1111 1725 1195 1750; x_wconf 81' lang='lat' dir='ltr'><strong>eam</strong></span> <span class='ocrx_word' id='word_1_204' title='bbox 1224 1711 1324 1751; x_wconf 83' lang='lat' dir='ltr'><strong>diem</strong></span> <span class='ocrx_word' id='word_1_205' title='bbox 1355 1724 1404 1751; x_wconf 64' lang='lat' dir='ltr'><strong>ars</strong></span> 
     </span>
     <span class='ocr_line' id='line_1_26' title="bbox 116 1772 1403 1824; baseline -0.002 -10"><span class='ocrx_word' id='word_1_206' title='bbox 116 1775 390 1815; x_wconf 86' lang='lat' dir='ltr'><strong>tantummodo</strong></span> <span class='ocrx_word' id='word_1_207' title='bbox 407 1775 542 1814; x_wconf 79' lang='lat' dir='ltr'><strong>Romae</strong></span> <span class='ocrx_word' id='word_1_208' title='bbox 565 1774 605 1812; x_wconf 88' lang='lat' dir='ltr'><strong>in</strong></span> <span class='ocrx_word' id='word_1_209' title='bbox 625 1772 843 1824; x_wconf 86' lang='lat' dir='ltr'><strong>promiscuo</strong></span> <span class='ocrx_word' id='word_1_210' title='bbox 867 1773 1038 1823; x_wconf 79' lang='lat' dir='ltr'><strong>pecuniae</strong></span> <span class='ocrx_word' id='word_1_211' title='bbox 1058 1772 1126 1813; x_wconf 87' lang='lat' dir='ltr'><strong>usu</strong></span> <span class='ocrx_word' id='word_1_212' title='bbox 1151 1773 1301 1816; x_wconf 81' lang='lat' dir='ltr'><strong>fuisset.</strong></span> <span class='ocrx_word' id='word_1_213' title='bbox 1319 1786 1403 1813; x_wconf 84' lang='lat' dir='ltr'><strong>tum</strong></span> 
     </span>
     <span class='ocr_line' id='line_1_27' title="bbox 118 1832 1406 1884; baseline -0.003 -8"><span class='ocrx_word' id='word_1_214' title='bbox 118 1847 247 1883; x_wconf 84' lang='lat' dir='ltr'><strong>autem</strong></span> <span class='ocrx_word' id='word_1_215' title='bbox 287 1835 434 1875; x_wconf 84' lang='lat' dir='ltr'><strong>denarii</strong></span> <span class='ocrx_word' id='word_1_216' title='bbox 462 1834 700 1884; x_wconf 84' lang='lat' dir='ltr'><strong>quinariique</strong></span> <span class='ocrx_word' id='word_1_217' title='bbox 728 1846 776 1874; x_wconf 78' lang='lat' dir='ltr'><strong>ex</strong></span> <span class='ocrx_word' id='word_1_218' title='bbox 805 1841 960 1884; x_wconf 85' lang='lat' dir='ltr'><strong>argento</strong></span> <span class='ocrx_word' id='word_1_219' title='bbox 991 1832 1066 1872; x_wconf 81' lang='lat' dir='ltr'><strong>cusi</strong></span> <span class='ocrx_word' id='word_1_220' title='bbox 1083 1864 1095 1879; x_wconf 92' lang='lat'><em>‚</em></span> <span class='ocrx_word' id='word_1_221' title='bbox 1118 1834 1182 1884; x_wconf 87' lang='lat' dir='ltr'><strong>qui</strong></span> <span class='ocrx_word' id='word_1_222' title='bbox 1209 1847 1277 1884; x_wconf 87' lang='lat' dir='ltr'><strong>pro</strong></span> <span class='ocrx_word' id='word_1_223' title='bbox 1300 1833 1406 1872; x_wconf 79' lang='lat' dir='ltr'><strong>libris</strong></span> 
     </span>
     <span class='ocr_line' id='line_1_28' title="bbox 117 1895 1407 1947; baseline -0.003 -8"><span class='ocrx_word' id='word_1_224' title='bbox 117 1899 283 1939; x_wconf 89' lang='lat' dir='ltr'><strong>totidem</strong></span> <span class='ocrx_word' id='word_1_225' title='bbox 311 1897 390 1937; x_wconf 87' lang='lat' dir='ltr'><strong>aeris</strong></span> <span class='ocrx_word' id='word_1_226' title='bbox 415 1896 556 1944; x_wconf 79' lang='lat' dir='ltr'><strong>effent3</strong></span> <span class='ocrx_word' id='word_1_227' title='bbox 583 1895 725 1946; x_wconf 74' lang='lat' dir='ltr'><strong>aliique</strong></span> <span class='ocrx_word' id='word_1_228' title='bbox 754 1895 945 1941; x_wconf 75' lang='lat' dir='ltr'><strong>minores,</strong></span> <span class='ocrx_word' id='word_1_229' title='bbox 973 1897 1036 1946; x_wconf 88' lang='lat' dir='ltr'><strong>qui</strong></span> <span class='ocrx_word' id='word_1_230' title='bbox 1062 1896 1261 1947; x_wconf 80' lang='lat' dir='ltr'><strong>dupondio</strong></span> <span class='ocrx_word' id='word_1_231' title='bbox 1290 1899 1324 1937; x_wconf 63' lang='grc' dir='ltr'><strong>ὃς</strong></span> <span class='ocrx_word' id='word_1_232' title='bbox 1354 1896 1407 1935; x_wconf 87' lang='lat' dir='ltr'><strong>se-</strong></span> 
     </span>
     <span class='ocr_line' id='line_1_29' title="bbox 118 1957 1408 2008; baseline -0.002 -8"><span class='ocrx_word' id='word_1_233' title='bbox 118 1961 224 2000; x_wconf 73' lang='lat' dir='ltr'><strong>miss&#39;e</strong></span> <span class='ocrx_word' id='word_1_234' title='bbox 251 1973 340 1998; x_wconf 90' lang='lat' dir='ltr'><strong>cum</strong></span> <span class='ocrx_word' id='word_1_235' title='bbox 365 1958 659 2004; x_wconf 86' lang='lat' dir='ltr'><strong>aestimarentur,</strong></span> <span class='ocrx_word' id='word_1_236' title='bbox 680 1972 727 1998; x_wconf 79' lang='lat' dir='ltr'><strong>ex</strong></span> <span class='ocrx_word' id='word_1_237' title='bbox 749 1971 786 1997; x_wconf 91' lang='lat' dir='ltr'><strong>re</strong></span> <span class='ocrx_word' id='word_1_238' title='bbox 813 1957 897 1996; x_wconf 88' lang='lat' dir='ltr'><strong>sunt</strong></span> <span class='ocrx_word' id='word_1_239' title='bbox 922 1957 1073 1997; x_wconf 79' lang='lat' dir='ltr'><strong>sestertii</strong></span> <span class='ocrx_word' id='word_1_240' title='bbox 1097 1957 1288 2008; x_wconf 83' lang='lat' dir='ltr'><strong>appellati.</strong></span> <span class='ocrx_word' id='word_1_241' title='bbox 1311 1960 1408 1998; x_wconf 61' lang='lat' dir='ltr'><strong>Alo-</strong></span> 
     </span>
     <span class='ocr_line' id='line_1_30' title="bbox 117 2021 1411 2072; baseline -0.001 -10"><span class='ocrx_word' id='word_1_242' title='bbox 117 2036 200 2062; x_wconf 70' lang='lat' dir='ltr'><strong>neta</strong></span> <span class='ocrx_word' id='word_1_243' title='bbox 221 2023 345 2072; x_wconf 73' lang='lat' dir='ltr'><strong>dicta,</strong></span> <span class='ocrx_word' id='word_1_244' title='bbox 371 2022 475 2072; x_wconf 90' lang='lat' dir='ltr'><strong>quod</strong></span> <span class='ocrx_word' id='word_1_245' title='bbox 494 2023 533 2061; x_wconf 94' lang='lat' dir='ltr'><strong>in</strong></span> <span class='ocrx_word' id='word_1_246' title='bbox 555 2023 635 2062; x_wconf 71' lang='lat' dir='ltr'><strong>aede</strong></span> <span class='ocrx_word' id='word_1_247' title='bbox 650 2023 811 2071; x_wconf 84' lang='lat' dir='ltr'><strong>Junonis</strong></span> <span class='ocrx_word' id='word_1_248' title='bbox 830 2021 1049 2072; x_wconf 72' lang='lat' dir='ltr'><strong>Capitolina</strong></span> <span class='ocrx_word' id='word_1_249' title='bbox 1067 2022 1282 2061; x_wconf 85' lang='lat' dir='ltr'><strong>cuderetur.</strong></span> <span class='ocrx_word' id='word_1_250' title='bbox 1309 2022 1411 2072; x_wconf 80' lang='lat' dir='ltr'><strong>Cog-</strong></span> 
     </span>
     <span class='ocr_line' id='line_1_31' title="bbox 118 2082 1408 2134; baseline -0.004 -9"><span class='ocrx_word' id='word_1_251' title='bbox 118 2098 261 2125; x_wconf 87' lang='lat' dir='ltr'><strong>nomen</strong></span> <span class='ocrx_word' id='word_1_252' title='bbox 283 2085 387 2124; x_wconf 88' lang='lat' dir='ltr'><strong>enim</strong></span> <span class='ocrx_word' id='word_1_253' title='bbox 415 2083 513 2124; x_wconf 92' lang='lat' dir='ltr'><strong>illud</strong></span> <span class='ocrx_word' id='word_1_254' title='bbox 538 2084 704 2122; x_wconf 87' lang='lat' dir='ltr'><strong>inditum</strong></span> <span class='ocrx_word' id='word_1_255' title='bbox 730 2085 872 2132; x_wconf 66' lang='lat' dir='ltr'><strong>„Iunoni</strong></span> <span class='ocrx_word' id='word_1_256' title='bbox 895 2083 1018 2122; x_wconf 84' lang='lat' dir='ltr'><strong>fuerat</strong></span> <span class='ocrx_word' id='word_1_257' title='bbox 1036 2114 1046 2132; x_wconf 94' lang='lat'><strong>‚</strong></span> <span class='ocrx_word' id='word_1_258' title='bbox 1068 2083 1172 2133; x_wconf 86' lang='lat' dir='ltr'><strong>quod</strong></span> <span class='ocrx_word' id='word_1_259' title='bbox 1195 2082 1296 2122; x_wconf 87' lang='lat' dir='ltr'><strong>bello</strong></span> <span class='ocrx_word' id='word_1_260' title='bbox 1322 2084 1408 2134; x_wconf 69' lang='lat' dir='ltr'><strong>Pyr-</strong></span> 
     </span>
     <span class='ocr_line' id='line_1_32' title="bbox 118 2145 1411 2197; baseline -0.001 -11"><span class='ocrx_word' id='word_1_261' title='bbox 118 2147 178 2186; x_wconf 83' lang='lat' dir='ltr'><strong>rhi</strong></span> <span class='ocrx_word' id='word_1_262' title='bbox 205 2149 240 2187; x_wconf 79' lang='lat'>&amp;</span> <span class='ocrx_word' id='word_1_263' title='bbox 263 2146 475 2188; x_wconf 85' lang='lat' dir='ltr'><strong>Tarentino</strong></span> <span class='ocrx_word' id='word_1_264' title='bbox 501 2145 743 2185; x_wconf 81' lang='lat' dir='ltr'><strong>consulentes</strong></span> <span class='ocrx_word' id='word_1_265' title='bbox 768 2147 815 2185; x_wconf 83' lang='lat' dir='ltr'><strong>de</strong></span> <span class='ocrx_word' id='word_1_266' title='bbox 847 2147 1096 2197; x_wconf 78' lang='lat' dir='ltr'><strong>pecuniarum</strong></span> <span class='ocrx_word' id='word_1_267' title='bbox 1119 2146 1248 2196; x_wconf 85' lang='lat' dir='ltr'><strong>inopia</strong></span> <span class='ocrx_word' id='word_1_268' title='bbox 1274 2146 1411 2186; x_wconf 84' lang='lat' dir='ltr'><strong>Roma-</strong></span> 
     </span>
     <span class='ocr_line' id='line_1_33' title="bbox 121 2208 1411 2265; baseline -0.003 -15"><span class='ocrx_word' id='word_1_269' title='bbox 121 2223 192 2250; x_wconf 85' lang='lat' dir='ltr'><strong>nos</strong></span> <span class='ocrx_word' id='word_1_270' title='bbox 218 2208 453 2256; x_wconf 74' lang='lat' dir='ltr'><strong>monuisset,</strong></span> <span class='ocrx_word' id='word_1_271' title='bbox 475 2210 656 2261; x_wconf 72' lang='lat' dir='ltr'><strong>pecuniam</strong></span> <span class='ocrx_word' id='word_1_272' title='bbox 684 2224 752 2247; x_wconf 78' lang='lat' dir='ltr'><strong>non</strong></span> <span class='ocrx_word' id='word_1_273' title='bbox 784 2208 1093 2265; x_wconf 53' lang='lat' dir='ltr'><strong>defhfssfljlfil&#39;llam</strong></span> <span class='ocrx_word' id='word_1_274' title='bbox 1114 2210 1149 2248; x_wconf 66' lang='grc' dir='ltr'><strong>δ’</strong></span> <span class='ocrx_word' id='word_1_275' title='bbox 1177 2223 1272 2246; x_wconf 73' lang='lat' dir='ltr'><strong>arma</strong></span> <span class='ocrx_word' id='word_1_276' title='bbox 1300 2209 1411 2247; x_wconf 77' lang='lat' dir='ltr'><strong>colen-</strong></span> 
     </span>
     <span class='ocr_line' id='line_1_34' title="bbox 119 2269 1413 2322; baseline -0.004 -8"><span class='ocrx_word' id='word_1_277' title='bbox 119 2274 224 2314; x_wconf 81' lang='lat' dir='ltr'><strong>tibus.</strong></span> <span class='ocrx_word' id='word_1_278' title='bbox 255 2270 436 2312; x_wconf 87' lang='lat' dir='ltr'><strong>Consules</strong></span> <span class='ocrx_word' id='word_1_279' title='bbox 454 2273 505 2322; x_wconf 78' lang='lat' dir='ltr'>Q</span> <span class='ocrx_word' id='word_1_280' title='bbox 525 2271 677 2319; x_wconf 85' lang='lat' dir='ltr'><strong>Gallus,</strong></span> <span class='ocrx_word' id='word_1_281' title='bbox 697 2272 738 2311; x_wconf 90' lang='lat' dir='ltr'><strong>C.</strong></span> <span class='ocrx_word' id='word_1_282' title='bbox 763 2271 900 2312; x_wconf 78' lang='lat' dir='ltr'><strong>Fabius</strong></span> <span class='ocrx_word' id='word_1_283' title='bbox 918 2271 965 2310; x_wconf 85' lang='lat' dir='ltr'><strong>ad</strong></span> <span class='ocrx_word' id='word_1_284' title='bbox 998 2269 1413 2322; x_wconf 82' lang='lat' dir='ltr'><strong>comprehendendum</strong></span> 
     </span>
     <span class='ocr_line' id='line_1_35' title="bbox 122 2331 1412 2384; baseline -0.002 -13"><span class='ocrx_word' id='word_1_285' title='bbox 122 2332 290 2376; x_wconf 88' lang='lat' dir='ltr'><strong>Lollium</strong></span> <span class='ocrx_word' id='word_1_286' title='bbox 330 2333 541 2373; x_wconf 80' lang='lat' dir='ltr'><strong>Samnitem</strong></span> <span class='ocrx_word' id='word_1_287' title='bbox 579 2333 742 2384; x_wconf 61' lang='lat' dir='ltr'><strong>profecti</strong></span> <span class='ocrx_word' id='word_1_288' title='bbox 782 2332 892 2372; x_wconf 87' lang='lat' dir='ltr'><strong>sunt:</strong></span> <span class='ocrx_word' id='word_1_289' title='bbox 930 2332 994 2382; x_wconf 89' lang='lat' dir='ltr'><strong>qui</strong></span> <span class='ocrx_word' id='word_1_290' title='bbox 1027 2344 1115 2371; x_wconf 88' lang='lat' dir='ltr'><strong>cum</strong></span> <span class='ocrx_word' id='word_1_291' title='bbox 1140 2331 1248 2371; x_wconf 86' lang='lat' dir='ltr'><strong>obses</strong></span> <span class='ocrx_word' id='word_1_292' title='bbox 1278 2332 1412 2372; x_wconf 61' lang='lat' dir='ltr'><strong>Romae</strong></span> 
     </span>
    </p>
   </div>
   <div class='ocr_carea' id='block_1_3' title="bbox 124 2463 1416 2556">
    <p class='ocr_par' dir='ltr' id='par_1_4' title="bbox 124 2463 1416 2556">
     <span class='ocr_line' id='line_1_36' title="bbox 124 2463 1416 2556; baseline -0.002 -57"><span class='ocrx_word' id='word_1_293' title='bbox 124 2520 145 2553; x_wconf 55' lang='lat' dir='ltr'><em>A</em></span> <span class='ocrx_word' id='word_1_294' title='bbox 170 2464 442 2556; x_wconf 50' lang='lat' dir='ltr'><strong>Sfi=liiogo¹l¹m5·</strong></span> <span class='ocrx_word' id='word_1_295' title='bbox 462 2467 612 2511; x_wconf 86' lang='lat' dir='ltr'><strong>Capitol.</strong></span> <span class='ocrx_word' id='word_1_296' title='bbox 630 2467 751 2502; x_wconf 78' lang='lat' dir='ltr'><strong>Zonar.</strong></span> <span class='ocrx_word' id='word_1_297' title='bbox 773 2467 860 2512; x_wconf 84' lang='lat' dir='ltr'><strong>Aug.</strong></span> <span class='ocrx_word' id='word_1_298' title='bbox 886 2467 926 2500; x_wconf 89' lang='lat' dir='ltr'><strong>de</strong></span> <span class='ocrx_word' id='word_1_299' title='bbox 945 2467 1021 2500; x_wconf 78' lang='lat' dir='ltr'><strong>civ.</strong></span> <span class='ocrx_word' id='word_1_300' title='bbox 1046 2465 1110 2500; x_wconf 86' lang='lat' dir='ltr'><strong>Dei</strong></span> <span class='ocrx_word' id='word_1_301' title='bbox 1131 2475 1167 2509; x_wconf 79' lang='lat'><strong>3,</strong></span> <span class='ocrx_word' id='word_1_302' title='bbox 1195 2475 1245 2506; x_wconf 86' lang='lat'><strong>17-</strong></span> <span class='ocrx_word' id='word_1_303' title='bbox 1263 2463 1416 2507; x_wconf 27' lang='lat' dir='ltr'><strong>Oros.,·4,</strong></span> 
     </span>
    </p>
   </div>
  </div>
 </body>
</html>
