1701 3008
303 183 396 243 380
648 179 1213 230 T1T1L1v11

300 291 370 335 nis
386 292 513 337 malis
529 325 543 347 ‚
574 289 671 336 utili
696 293 882 350 exemplo
895 324 909 347 ‚
929 289 1069 336 doflos
1080 326 1096 346 ,
1118 301 1445 351 memorantes,
1467 296 1579 340 ami-

301 364 441 407 citiam
461 366 605 419 malle,
626 380 750 422 quam
771 363 857 408 vim
874 364 1050 422 experiri
1067 366 1304 411 Pomorum.
1331 367 1467 426 itaque
1486 367 1581 412 obe-

301 435 457 479 dienter
472 436 671 494 imperata
688 434 879 493 fac‘laros
894 453 910 480 .·
943 452 1212 482 commeatum
1240 439 1474 499 itinerzsqace
1497 440 1580 484 du·

301 523 364 551 ces
380 540 395 563 ,
425 505 469 553 ἃ
490 510 552 553 ad
565 502 1000 572 fidem‘promiſjbrum
1032 510 1189 575 obssdes
1220 514 1425 571 acciperet.
1459 510 1581 557 Han-

302 579 426 625 nibal
455 597 539 628 nec
573 594 741 629 temere
770 582 1025 642 credendo,
1056 600 1144 631 nec
1183 583 1491 647 aspernando,
1525 600 1583 631 ne

303 653 523 713 repudiati
541 666 691 716 aperte
708 654 855 702 hostes
872 654 1051 714 fierent,
1066 655 1259 721 benigne
1277 674 1381 705 cum
1402 656 1583 719 respon·

304 723 461 782 diffet;
489 727 747 786 obfidibus,
772 744 888 791 quos
916 728 1108 788 dabant,
1136 729 1356 792 acceptis,
1382 730 1432 777 &
1453 745 1585 776 com-

305 808 478 856 meatu,
506 815 642 862 quem
661 799 710 845 in
728 800 851 848 viam
870 799 950 864 ipfi
970 801 1246 858 detulerant,
1268 801 1368 848 usus
1381 837 1395 860 ,
1413 818 1585 864 nequa-

307 884 442 930 quam
475 874 526 919 'ut
556 871 671 918 inter
704 887 920 934 pacatos,
949 873 1206 936 composito
1244 873 1421 937 agmine
1448 874 1587 922 duces

307 957 469 989 eorum
487 942 698 1008 sequitur.
725 945 923 993 Primum
950 962 1108 1010 agmen
1135 946 1361 1009 elephanti
1386 949 1437 995 &
1458 947 1586 1011 equi-

308 1024 375 1060 tes
403 1028 554 1062 erant:
586 1017 676 1078 ipse
703 1018 803 1081 post
825 1036 930 1066 cum
950 1018 1120 1066 robore
1141 1018 1368 1082 peditum,
1390 1019 1586 1067 circum-

307 1082 504 1146 spectans
523 1086 827 1155 sollicitusque
848 1089 1025 1149 omnia,
1045 1089 1298 1138 incedebat.
1330 1091 1424 1139 Ubi
1443 1091 1491 1138 in
1510 1108 1587 1138 an-

308 1154 551 1218 gustiorem
572 1159 696 1207 viam
726 1177 784 1208 ex
804 1173 928 1224 parte
960 1161 1098 1209 altera
1119 1161 1355 1225 subjectam
1382 1163 1495 1228 jugo
1515 1163 1587 1210 in-

310 1227 440 1292 super
470 1230 725 1281 imminenti
755 1246 944 1285 ventum
974 1234 1064 1295 est,
1100 1236 1301 1301 undique
1333 1253 1389 1284 ex
1421 1237 1589 1286 insidiis

309 1300 488 1350 barbari
517 1323 542 1352 a
571 1306 722 1354 fronte
739 1344 756 1365 ‚
790 1308 846 1354 ab
873 1320 1001 1371 tergo
1030 1309 1210 1367 coorti,
1243 1310 1450 1357 cominus
1480 1310 1590 1357 emi-

310 1391 396 1421 nus
428 1388 614 1439 petunt:
655 1380 753 1428 saxa
788 1380 987 1445 ingentia
1020 1381 1067 1428 in
1103 1397 1263 1444 agmen
1300 1381 1592 1432 devolvunt:

311 1449 507 1498 maxima
544 1453 602 1500 ab
634 1465 762 1518 tergo
802 1454 874 1503 vis
910 1454 1152 1502 hominum
1188 1455 1387 1518 urgebat.
1431 1456 1478 1503 in
1510 1472 1589 1504 eos

310 1524 441 1571 versa
459 1527 655 1589 peditum
675 1529 793 1577 acies
821 1529 939 1577 haud
964 1529 1150 1577 dubium
1179 1529 1313 1589 fecit,
1340 1529 1479 1593 quin,
1509 1529 1589 1576 nifi

313 1594 485 1645 firmata
512 1611 711 1648 extrema
736 1603 926 1665 agminis
949 1602 1155 1660 fuissent,
1180 1601 1336 1665 ingens
1359 1600 1405 1647 in
1429 1617 1486 1649 eo
1505 1601 1589 1648 sal-

315 1678 366 1714 tu
394 1670 652 1734 accipienda
679 1673 826 1722 clades
855 1675 1001 1723 fuerit.
1040 1675 1175 1723 Tunc
1207 1689 1389 1737 quoque
1421 1674 1476 1721 ad
1508 1690 1591 1720 ex-

316 1751 507 1791 tremum
532 1746 721 1807 periculi
755 1765 808 1797 ac
839 1765 982 1812 prope
1013 1747 1258 1812 perniciem
1290 1759 1475 1795 ventum
1503 1748 1591 1795 est:
1609 1772 1623 1782 ν

318 1832 420 1862 nam
437 1853 452 1873 ,
474 1817 580 1864 dum
603 1821 836 1869 cunctatur
856 1822 1082 1870 Hannibal
1110 1822 1340 1870 demittere
1366 1838 1521 1887 agmen
1543 1822 1589 1868 in

319 1888 576 1950 angustias;
607 1892 713 1955 quia
746 1909 841 1940 non
861 1929 875 1952 ,
909 1905 958 1940 ut
999 1893 1088 1957 ipse
1121 1893 1348 1958 equitibus
1386 1893 1595 1956 praefidio

319 1977 442 2019 erat,
471 1963 529 2010 ita
553 1965 774 2026 peditibus
802 1968 1048 2032 quidquam
1078 1968 1134 2014 ab
1163 1979 1292 2031 tergo
1311 1967 1469 2015 auxilii
1486 1967 1593 2014 reli-

319 2046 511 2095 querat3
551 2038 834 2087 occursantes
868 2037 1173 2103 perobliqua
1207 2039 1448 2099 montani,
1487 2055 1591 2102 per·

321 2121 456 2169 rupto
491 2111 642 2158 medio
668 2112 872 2176 agmine,
895 2112 1016 2159 viam
1039 2111 1262 2159 insedere:
1295 2127 1480 2173 noxque
1505 2126 1593 2157 una

324 2180 566 2229 Hannibali
597 2183 687 2231 fine
715 2183 942 2248 equitibus
977 2196 1112 2248 atque
1140 2182 1470 2247 impedimentis
1499 2181 1592 2228 aista

320 2250 399 2298 est.

389 2324 589 2371 XXXV.
622 2324 806 2371 Postero
840 2324 910 2370 die
925 2356 943 2383 ‚·
972 2322 1061 2386 jam
1093 2322 1266 2387 segnius
1294 2321 1592 2370 intercursan-

324 2393 442 2442 tibus
465 2395 687 2454 barbari5‚
720 2395 881 2458 junClae
911 2397 1055 2459 copiae
1073 2430 1086 2453 ,
1120 2395 1336 2460 saltusque
1367 2395 1484 2443 haud
1503 2395 1593 2441 fine

327 2465 451 2513 clade
484 2465 690 2530 (majore
720 2478 867 2514 tamen
899 2466 1239 2530 jumentorum,
1272 2485 1405 2536 quam
1439 2466 1591 2515 homi-
