1701 3008
246 165 832 235 HISTORIARUM
879 182 1008 229 ΜΒ.
1051 179 1201 228 xxi.
1300 177 1394 242 367

96 293 255 342 fidium
288 292 549 340 obtinendae
582 289 782 355 regionis
810 288 911 337 data
929 323 943 346 ‚
972 288 1022 335 ὅ(
1045 285 1168 334 mille
1201 284 1394 350 equites·

93 368 340 431 Postquam
368 383 447 429 per
477 367 745 430 Pyrenaeum
772 362 928 409 saltum
960 359 1136 408 traduci
1166 358 1392 407 exercitus

96 442 161 487 est
188 452 364 503 coeptus
383 474 398 497 ‚
427 452 673 500 rumorque
707 451 786 497 per
818 434 1035 481 barbaros
1061 431 1264 478 manavit
1291 448 1394 478 cer—

97 513 193 559 tior
225 513 279 559 de
312 511 433 559 bello
466 511 710 566 Romano3
743 508 826 566 tria
857 507 997 554 millia
1032 506 1136 553 inde
1173 506 1393 569 Carpeta-

99 606 267 636 norum
304 587 504 650 peditum
539 587 625 633 iter
660 595 940 633 averterunt.
993 582 1255 640 constabat,
1295 596 1392 626 non

100 670 191 706 tam
218 659 341 706 bello
371 671 550 715 motos,
581 673 716 721 quam
736 654 1068 719 longinquitate
1099 653 1185 701 viae
1211 652 1392 715 insupe-

100 730 320 794 rabilique
341 729 526 792 Alpium
547 729 746 775 transitu.
777 727 1031 784 Hannibal,
1050 727 1157 790 quia
1172 741 1395 772 revocare

103 817 180 851 aut
195 803 246 849 vi
267 803 460 849 retinere
478 817 558 847 eos
585 816 749 863 anceps
769 811 885 858 erat,
908 816 963 846 ne
985 811 1241 846 ceterorum
1263 798 1396 845 etiam

104 876 281 923 feroces
305 874 443 922 animi
471 873 774 931 irritarentur,
810 871 938 934 supra
965 871 1129 934 septem
1151 870 1290 918 millia
1309 870 1399 916 ho-

104 950 280 999 minum
301 949 466 996 domos
497 946 696 1004 remifit,
729 962 844 1010 quos
876 944 1041 1008 &ipse
1074 945 1254 1008 gravari
1279 944 1400 990 mili-

106 1024 170 1071 tia
201 1021 391 1069 senserat
408 1057 422 1081 ‚
455 1021 738 1083 Carpetanos
760 1035 945 1083 quoque
970 1020 1024 1067 ab
1055 1018 1097 1065 se
1128 1018 1326 1066 dimissos
1346 1016 1402 1064 fi-

109 1097 300 1144 mulans.

174 1171 345 1218 XXIV.
382 1168 489 1216 Inde
506 1203 520 1228 ,
548 1185 606 1215 ne
634 1184 765 1217 mora
785 1183 917 1232 atque
941 1165 1086 1214 otium
1115 1165 1292 1214 animos
1309 1165 1403 1213 sol-

108 1244 364 1302 licitarent,
396 1260 499 1290 cum
525 1243 708 1306 reliquis
727 1244 872 1307 copiis
892 1245 1161 1308 Pyrenaeum
1188 1240 1406 1305 transgre-

111 1319 266 1378 ditur,
298 1318 349 1364 &
380 1316 435 1363 ad
467 1317 690 1379 oppidum
720 1316 889 1364 Illiberi
923 1315 1062 1363 castra
1099 1316 1235 1363 locat.
1282 1313 1406 1361 Galli

109 1408 376 1458 quanquam
394 1389 530 1437 Italiae
561 1390 730 1437 bellum
761 1389 918 1436 inferri
940 1389 1208 1448 audiebant,
1230 1401 1408 1445 tamen,

111 1469 220 1533 quia
253 1468 302 1514 vi
336 1466 538 1513 stiba&os
574 1478 696 1512 trans
730 1466 999 1529 Pyrenaeum
1037 1463 1261 1527 Hispanos
1293 1462 1409 1510 fama

113 1554 233 1599 erat,
267 1539 555 1603 praefidiaque
582 1538 732 1587 valida
763 1537 970 1599 impofita
988 1572 1003 1595 ‚
1032 1549 1156 1582 metu
1182 1535 1410 1584 servitutis

116 1615 172 1661 ad
203 1630 325 1659 arma
361 1611 666 1668 consternati,
700 1609 1008 1656 Ruscinonem
1042 1608 1220 1672 aliquot
1248 1607 1410 1671 populi

117 1683 418 1733 conveniunt.
470 1684 593 1746 quod
629 1682 706 1729 ubi
746 1681 989 1729 Hannibali
1025 1681 1280 1728 nuntiatum
1317 1680 1412 1739 est,

119 1777 296 1807 moram
330 1758 496 1822 magis,
529 1775 664 1821 quam
701 1757 901 1815 bellum,
931 1768 1164 1814 metuens,
1205 1767 1411 1803 oratores

121 1835 177 1881 ad
213 1832 391 1895 regulos
422 1849 583 1878 eorum
616 1831 758 1890 misit,
787 1835 965 1892 colloqui
988 1831 1118 1891 fimet
1148 1830 1283 1891 ipsicm
1310 1835 1412 1878 velle

119 1928 211 1955 cum
255 1910 349 1961 hig
385 1904 427 1952 G*
461 1911 527 1953 vel
557 1909 624 1953 illi
657 1909 832 1968 propius
863 1908 1022 1951 Illiberi
1054 1908 1312 1960 accederent,
1348 1909 1416 1952 vel

108 1983 162 2043 fi
182 1982 461 2039 Ruscinonem
488 1977 759 2041 procefficrum
776 2014 790 2036 ‚
826 1994 873 2024 ut
889 1997 941 2023 ex
961 1982 1196 2038 propinquo
1224 1979 1417 2040 congres-

110 2055 195 2115 sus
213 2053 393 2112 facilior
420 2051 511 2114 effic
529 2071 545 2098 .·
572 2071 672 2097 nam
695 2050 737 2098 6⁴
753 2068 1009 2112 accepturum
1029 2069 1095 2097 eos
1113 2054 1158 2097 irz
1186 2053 1313 2116 castra
1325 2052 1418 2111 fica

112 2129 166 2190 se
195 2132 331 2173 lactum
350 2162 363 2181 ‚
390 2144 462 2171 nec
494 2127 727 2172 cutchznter
748 2127 797 2186 fi
831 2126 967 2186 ipsum
1000 2128 1060 2171 ad
1091 2143 1157 2170 eos
1186 2141 1418 2171 venturum.'

126 2201 344 2260 Hospitem
366 2201 474 2244 enim
493 2199 544 2258 fi
569 2199 746 2255 Gallice,
776 2216 864 2243 non
891 2200 1057 2265 hostem,
1078 2195 1311 2260 advctzffi:
1341 2216 1414 2243 nec

110 2272 349 2338 stricJurum
384 2287 479 2316 ame
509 2273 732 2331 gladium,
754 2270 804 2334 fi
825 2289 904 2331 per
936 2272 1089 2316 Gallos
1118 2273 1268 2324 liceat,
1292 2288 1417 2329 quam

129 2348 176 2392 in
206 2349 376 2391 Italiam
400 2343 582 2407 vcniffec.
613 2345 668 2390 Et
698 2360 776 2406 per
797 2343 982 2391 nuntios
1011 2342 1191 2406 quidem
1211 2343 1321 2388 haec.
1354 2345 1418 2388 Ut

129 2431 245 2465 vero
276 2416 417 2478 reguli
439 2417 698 2469 Gallorum,
728 2414 878 2462 castris
911 2415 966 2462 ad
1001 2413 1215 2460 Illiberim
1245 2424 1418 2458 extem-

132 2488 214 2552 plo
255 2488 391 2536 motis
412 2522 427 2550 ,
473 2488 590 2537 haud
623 2500 807 2555 gravate
842 2488 896 2536 ad
933 2489 1126 2538 Poenum
1161 2496 1419 2541 venerum3
