1701 3008
177 162 777 225 HISTORIARYJM
821 175 1154 223 L113.XX1.
1243 189 1329 239 351

49 285 153 334 tinis
173 323 187 344 .,
213 286 318 350 quia
343 298 504 350 praeter
532 285 650 349 spem
682 284 954 342 refisterent,
979 284 1220 332 creviffent
1236 284 1339 332 ani-

49 361 111 407 mi
128 377 141 416 3
160 360 330 408 Poenus
346 395 359 418 ,
380 360 486 424 quia
511 376 607 406 non
624 357 818 418 vicisset,
842 375 926 421 pro
948 359 1070 407 vi&o
1095 359 1221 415 ess'et;
1244 360 1340 406 cla-

49 450 225 480 morem
244 445 428 496 repente
448 433 667 496 oppidani
687 433 878 490 tollunt,
892 432 1157 495 hostemque
1178 432 1223 477 in
1246 431 1342 479 rui-

50 522 125 553 nas
152 506 271 553 muri
300 506 561 569 expellunt3
592 506 695 552 inde
723 505 989 569 impeditum
1020 506 1342 568 trepidantem-

48 594 137 642 que
158 578 422 634 exturbant3
448 577 680 641 postremo
704 575 849 623 fusum
870 576 1160 640 fugatumque
1192 575 1239 622 in
1268 593 1345 623 ca-

49 649 135 697 stra
155 650 379 715 redigunt.
402 651 586 697 Interim
606 651 661 697 ab
683 650 832 695 Roma
851 649 1023 713 legatos
1039 649 1206 698 veniffe
1227 666 1345 695 nun-

49 723 209 771 tiatum
239 723 315 770 est.
355 723 519 786 quibus
541 721 729 769 obviam
758 722 814 767 ad
839 737 959 768 mare
993 721 1106 767 miffi
1134 721 1190 767 ab
1216 721 1343 766 Han-

49 797 200 845 nibale
213 833 228 854 ,
248 796 327 860 qui
343 796 566 855 dicerent,
589 813 672 843 nec
691 807 794 842 tuto
813 812 892 843 eos
914 795 1116 842 adituros
1133 796 1250 842 inter
1272 807 1346 843 tot

50 883 141 917 tam
160 869 443 916 efferatarum
474 868 677 932 gentium
707 885 856 917 arma:
890 884 974 915 nec
993 867 1268 926 Hannibali,
1301 868 1349 914 in

50 955 180 990 tanto
207 942 462 990 discrimine
493 958 640 988 rerum
658 977 675 999 ,
702 957 853 1004 operae
879 941 964 987 effe
984 940 1232 1005 legationes
1264 959 1348 988 au-

49 1017 158 1065 dire.
196 1016 482 1079 Apparebat,
517 1031 613 1060 non
640 1014 848 1061 admissos
876 1013 1086 1076 protinus
1104 1015 1346 1078 Carthagi-

52 1106 155 1135 nem
182 1088 340 1134 ituros.
379 1087 527 1132 literas
560 1086 695 1148 igitur
730 1084 1001 1148 nuntiosque
1031 1086 1085 1132 ad
1119 1085 1348 1148 principes

51 1161 260 1209 faffionis
280 1160 478 1207 Barcinae
499 1157 750 1220 praemittit,
775 1174 823 1203 ur
844 1171 1142 1220 praepararent
1160 1157 1346 1204 suorum

52 1235 230 1282 animos
246 1268 260 1292 ‚
284 1248 339 1279 ne
357 1231 467 1296 quid
483 1247 583 1294 pars
604 1229 739 1276 altera
759 1228 1000 1293 gratificari
1022 1246 1106 1294 pro
1127 1230 1347 1276 Romanis

54 1308 213 1373 poffet.

117 1382 180 1428 X.
219 1384 400 1446 Itaque,
432 1391 735 1444 praeterquam
764 1378 890 1443 quod
920 1377 1090 1425 admiffi
1111 1378 1344 1442 auditique

51 1456 178 1514 sunt,
200 1464 248 1502 ea
267 1469 452 1519 quoque
472 1447 588 1503 vana
609 1466 744 1518 atque
766 1453 891 1500 irrita
910 1453 1075 1517 legatio
1094 1452 1191 1500 fuit.
1219 1456 1347 1499 Han-

52 1548 116 1577 no
144 1547 260 1577 unus
280 1529 468 1577 adverso
491 1529 643 1575 senatu
666 1528 839 1576 causam
864 1528 1048 1575 foederis
1064 1563 1078 1583 ‚
1102 1544 1266 1590 magno
1289 1527 1348 1573 fi-

52 1602 196 1650 lentio
234 1609 423 1666 propter
456 1602 766 1648 auc‘toritatem
804 1600 962 1659 suam,
1000 1617 1095 1647 non
1131 1598 1347 1646 afl'ensum

52 1677 354 1737 audientium,
372 1677 478 1741 egit.
511 1679 595 1723 Per
612 1679 734 1723 Deos
752 1712 764 1735 ‚
785 1676 993 1735 foederum
1026 1677 1203 1721 arbitros
1227 1692 1275 1719 ac
1293 1690 1350 1719 te·

39 1755 149 1821 stes,
179 1750 378 1815 monuzffiz
393 1787 406 1810 ‚
420 1749 740 1816 praedixifflse‚
761 1769 810 1795 ne
836 1751 1098 1796 Hamilcaris
1111 1750 1347 1810 progeniem

53 1830 115 1873 ad
139 1828 358 1871 exercitum
384 1830 599 1872 mitterent.
632 1845 718 1871 norz
746 1842 889 1871 manes
908 1859 922 1883 ,
956 1843 1042 1870 non
1060 1823 1233 1889 stirpem
1257 1823 1348 1878 ejus

55 1901 327 1962 conquiefierc
347 1904 428 1947 viri
443 1919 452 1946 :
479 1920 552 1946 nec
575 1919 759 1961 unquam
777 1936 793 1957 ‚
821 1900 1187 1960 donecfimguirzis
1204 1901 1347 1942 nomi-

53 1975 195 2036 nisc'lue
228 1976 408 2021 Barcini
440 1976 657 2035 quisquam
687 1972 891 2035 ficperstss
925 1975 1111 2033 quietura
1145 1973 1347 2017 Romana

45 2047 223 2106 foedera.
260 2047 459 2092 Juvenem
472 2048 734 2111 flagrantem
770 2049 963 2105 cupidine
983 2046 1098 2107 regni
1115 2080 1130 2103 ‚
1157 2049 1348 2105 viamque

55 2138 186 2165 unam
205 2121 329 2164 adid
345 2133 565 2164 cernentem
581 2154 594 2174 ‚
616 2119 668 2183 st
699 2138 752 2165 ex
771 2121 888 2163 bellis
914 2119 1219 2179 bellax—strendo
1239 2119 1348 2178 sicc-

56 2195 212 2239 cirzc'Yus
229 2194 362 2239 armis
386 2193 689 2255 legionibusqtte
707 2195 826 2239 vivat
841 2228 854 2247 ,
885 2197 996 2239 velut
1018 2193 1235 2238 materiam
1257 2194 1350 2254 igni

48 2270 304 2329 praebentes,
337 2271 397 2313 ad
421 2268 620 2313 exercitus
655 2266 833 2331 mififlis.
870 2268 1029 2333 aluistis
1057 2283 1148 2326 ergo
1178 2267 1253 2310 hoc
1283 2268 1350 2310 in-

57 2344 245 2387 cendium
263 2376 277 2398 ‚
304 2360 382 2402 quo
407 2359 520 2387 nunc
540 2343 708 2387 ardetis.
745 2344 982 2401 Saguntum
1002 2341 1116 2405 vestri
1142 2338 1350 2401 =circumst-

57 2419 154 2461 dent
189 2417 417 2471 exercitus,
448 2419 556 2461 unde
593 2430 781 2461 arcentur
801 2414 956 2473 foedere
975 2431 992 2460 .·
1029 2432 1132 2460 mox
1173 2414 1350 2458 Cartha-

58 2489 197 2551 ginem
233 2486 569 2551 circumfidqbunc
596 2489 802 2534 Romame
825 2490 1004 2549 legiones
1021 2521 1036 2544 ,
1071 2487 1243 2531 ducibus
1272 2482 1354 2542 its-

699 2634 720 2642 μ.
