1701 3008
267 167 355 214 108
422 169 514 215 JO.
550 169 1053 216 FRElN-SHEMII
1086 170 1447 223 SUPPLEM.

261 280 341 312 tate
363 274 614 326 complexus,
636 276 734 314 inter
756 275 1065 323 familiarissimos
1089 275 1270 329 haberet,
1295 293 1370 331 quo
1390 280 1539 334 populo
1563 316 1568 319 .

261 335 508 387 suspeet'iores
542 337 687 386 fierenu

315 399 442 438 XXV.
476 399 518 438 ln
544 397 602 436 his
627 398 858 439 Aristarchus
880 408 983 449 erat,
1004 402 1060 440 vir
1086 403 1183 442 inter
1206 404 1384 454 primates
1413 417 1543 444 amore

265 461 409 499 civium
444 462 480 498 ἃ
513 458 730 509 eloquentia
767 461 970 502 excellens.
1009 463 1135 513 hunc,
1168 465 1256 516 quia
1293 465 1543 505 nihilominus

261 521 303 561 in
322 534 460 572 magna
477 523 582 572 apud
599 521 890 562 multitudinem
916 526 1033 575 gratia
1043 527 1127 573 ,effe
1144 528 1344 578 cernebat,
1360 542 1426 580 per
1450 542 1546 568 cau-

261 583 341 623 sam
365 585 456 623 certi
494 587 639 637 negotii
667 588 844 637 navigare
873 590 913 628 in
948 590 1105 641 Epirum
1131 590 1245 639 juffit.
1284 591 1546 639 Aristarchus,

264 657 353 683 cum
377 647 557 697 refragari
580 648 696 699 Regis
719 650 880 700 imperio
903 650 1246 701 praesentisexitii3
1270 653 1450 701 obedire,
1467 666 1547 692 non

266 707 422 756 quidem
453 722 558 759 reque
597 709 761 759 velocis,
801 711 865 750 sed
895 720 1023 750 tamen
1060 725 1166 763 aeque
1202 714 1294 752 certi
1325 715 1543 755 videretur:

266 768 471 809 conscensa
493 772 579 810 navi
604 772 764 822 paulum
790 776 1013 823 provectus,
1030 775 1137 814 flexit
1164 775 1315 814 cursum
1340 776 1388 814 ad
1410 775 1546 816 urbem

269 832 508 881 Romanam,
530 836 566 874 &c
594 842 768 885 receptus
795 837 835 874 in
861 836 979 876 fidem
1006 837 1055 876 de
1082 837 1196 877 rebus
1226 837 1355 877 multis
1385 837 1546 888 magnis-

266 907 340 943 que
363 895 544 934 Senatum
568 895 719 945 largiter
745 898 915 937 edocuit.
951 899 1055 938 Dum
1089 898 1172 937 haec
1196 899 1353 939 Tarenti
1384 898 1546 950 Pyrrhus

268 957 518 1005 administrat,
535 958 656 998 nihilo
673 959 823 1010 segnius
840 961 888 999 ad
903 960 1046 1000 belluni
1063 962 1274 1012 gerendum
1288 964 1391 1014 apud
1404 958 1547 1003 Roma·

267 1032 339 1058 nos
357 1019 526 1060 delecffus
541 1021 749 1072 agebantur
763 1054 774 1072 ,
789 1023 1024 1074 cogebantur
1036 1025 1206 1075 pecuniae
1219 1055 1229 1073 ‚
1244 1026 1350 1065 misso
1365 1026 1413 1065 ad
1425 1026 1546 1067 socias

268 1080 438 1119 civitates
467 1082 508 1122 C.
529 1081 724 1132 Fabricio,
741 1083 805 1133 qui
827 1086 1049 1124 auctoritate
1074 1085 1271 1136 gratiaque
1292 1085 1355 1126 sua
1382 1087 1546 1127 deterre-

268 1149 326 1180 ret
353 1155 373 1181 a
407 1143 535 1183 studiis
575 1157 699 1183 rerum
736 1158 946 1186 novarum:
981 1148 1163 1197 quidam,
1190 1162 1354 1198 quorum
1377 1148 1547 1200 suspecta

266 1201 398 1242 levitas
424 1212 524 1253 erat,
542 1207 656 1245 etiam
684 1207 862 1257 praesidiis
884 1208 925 1249 in
945 1216 1164 1260 opportuna
1184 1209 1270 1250 loca
1295 1211 1477 1262 impositis
1506 1212 1546 1252 in

268 1264 345 1304 fide
370 1267 640 1308 retinebantur.

322 1328 467 1368 XXVI.
506 1331 708 1381 Quidquid
743 1333 844 1373 enim
875 1333 1000 1374 ubivis
1027 1335 1172 1384 injuriae
1204 1343 1370 1387 acceptae
1399 1335 1546 1388 persua-

227 1418 230 1419 γ
268 1388 370 1427 sione
396 1403 561 1440 aegrum,
590 1402 656 1432 aut
692 1395 904 1445 cupiditate
940 1398 1106 1436 novandi
1137 1399 1335 1438 turbidum
1363 1405 1471 1437 erat:
1505 1398 1547 1436 id.

269 1463 411 1497 omne,
441 1460 499 1491 tot
524 1453 702 1494 adversus
728 1470 843 1497 unam
874 1466 1029 1509 gentem
1062 1459 1359 1511 conspirantium
1384 1460 1547 1510 populo-

267 1524 353 1550 rum
388 1513 527 1562 robur,
561 1518 596 1555 Sc
630 1516 897 1558 bessicofiffimi
928 1520 1040 1572 Regis
1068 1521 1300 1572 exspectatio
1327 1534 1548 1561 commove-

269 1580 338 1612 rat.
385 1588 460 1624 quo
495 1575 718 1617 intentiores
753 1580 944 1626 Romani,
971 1583 1096 1633 capita
1130 1582 1364 1622 seditionum
1401 1591 1549 1621 mature

272 1637 556 1685 opprimendo,
586 1639 774 1679 securitati
802 1641 874 1681 suae
902 1644 1164 1693 providebant.
1208 1646 1261 1686 Eo
1290 1654 1463 1695 tempore
1490 1658 1550 1684 ca-

269 1697 328 1737 sus
354 1700 659 1742 Praenestinorum
685 1706 898 1755 principum
926 1709 1182 1748 memorabilis
1204 1710 1276 1748 fuit
1298 1723 1306 1748 :
1345 1709 1409 1758 qui
1433 1711 1546 1747 noc‘te

270 1761 348 1810 jam
372 1762 572 1812 ingruente
598 1778 685 1804 cum
708 1767 863 1807 adduffl
884 1769 1049 1809 Romam
1074 1771 1211 1818 essent„
1233 1770 1411 1808 custodiae
1437 1769 1548 1809 caiisa

271 1822 436 1862 conclusi
462 1824 547 1864 sunt
569 1827 607 1864 in
630 1829 759 1867 aerario
786 1829 939 1879 publico
953 1861 963 1878 ,
979 1840 1061 1870 tum
1083 1832 1240 1870 demum
1264 1830 1464 1870 intellectis
1479 1830 1548 1869 fai-

269 1883 364 1924 lacis
393 1887 536 1927 oraculi
570 1889 822 1941 ambagibus,
853 1894 961 1942 cujus
988 1893 1065 1933 fide
1091 1892 1342 1944 popularibus
1375 1892 1475 1938 suis,
1498 1892 1548 1932 ad

273 1947 532 1989 defectionem
568 1965 632 1991 eos
668 1952 893 2003 impulffiri,
923 1953 1017 2005 saepe
1051 1955 1359 2007 spoponderant,
1394 1954 1434 1992 in
1460 1952 1548 1992 fatis

274 2009 370 2058 effe,
400 2012 452 2049 uti
476 2016 670 2052 Romanum
699 2016 853 2054 cerarium
876 2032 897 2054 a
912 2017 1144 2068 Pras-testinis
1169 2027 1401 2068 occuparetur.
1437 2012 1548 2054 Solli-

274 2071 370 2110 citos
395 2073 546 2112 Parrum
580 2076 726 2115 animos
751 2081 870 2129 (nam
901 2078 934 2116 ἃ
965 2076 1180 2116 Fabricium
1210 2090 1232 2115 a
1263 2075 1370 2114 sociis
1396 2074 1548 2114 retineri

273 2134 518 2185 audiverant,
544 2147 586 2177 ut
610 2154 656 2178 eo
675 2141 833 2190 pignore
862 2140 949 2180 suos
971 2141 1017 2180 ab
1046 2141 1230 2181 Romanis
1249 2138 1462 2178 incolumes
1493 2148 1547 2175 re-

274 2196 467 2247 ciperent3
500 2201 534 2240 Sc
562 2202 611 2240 ad
637 2202 836 2251 Etruscos,
869 2204 918 2242 ad
944 2204 1133 2250 Umbros,
1169 2202 1218 2241 ad
1252 2199 1380 2241 Gallos
1415 2206 1547 2238 contra

273 2261 460 2312 populum
487 2264 703 2303 Romanum
731 2265 971 2310 incitandos,
998 2264 1143 2315 legatos
1169 2263 1296 2309 mitti)
1327 2276 1424 2301 nova
1448 2262 1547 2301 insu..

272 2336 340 2376 per
364 2335 453 2362 cura
483 2322 663 2374 oppressit
686 2324 739 2363 rei
768 2336 858 2363 cum
886 2324 988 2364 facto
1016 2323 1097 2375 ipso
1120 2322 1283 2371 atrocis,
1310 2330 1392 2360 tuni
1407 2322 1542 2362 formi-

320 2438 340 2479 §
366 2437 487 2470 XXIV.
513 2437 634 2470 Zonar.
654 2438 729 2470 Val.
759 2438 849 2484 Mag.
880 2448 920 2479 5,
938 2449 950 2471 1
967 2463 976 2479 ,
1002 2447 1034 2480 3.
1063 2437 1152 2470 Piut.
1179 2435 1297 2481 Pyrrh·
1324 2448 1352 2469 c.
1378 2434 1429 2470 16.
1452 2431 1532 2468 Just.

283 2483 342 2523 ιδ,
367 2494 394 2515 ι.
422 2483 443 2526 5
470 2483 580 2520 XXV.
608 2482 675 2516 Dio
698 2494 750 2526 ap.
773 2482 870 2515 Fui-w.
