1701 3008
1246 194 1338 243 341

176 355 678 414 TITlLrVH
740 353 1232 412 PATAVINI

48 529 1345 624 HISTORIARUM

291 750 386 797 AB
441 746 1110 796 URBECONDITA

418 922 971 989 LrssERxxr,

48 1082 376 1097 ——-—-—

1036 1066 1338 1099 --4

424 1184 961 1244 ΕΡΙἹΤΟΒᾹΕ

165 1318 411 1360 LIBRI
466 1315 888 1359 VICESIMI
944 1313 1216 1357 PRIMr.

53 1446 96 1488 ln
120 1445 270 1487 Italiam
300 1445 393 1486 beili
419 1444 551 1486 Punici
580 1443 740 1483 secundi
763 1450 868 1481 ortus
894 1449 1089 1489 narratur,
1121 1442 1155 1481 Sc
1186 1439 1346 1482 Hanni-

109 1508 203 1548 baiis
235 1508 445 1548 Poenorum
473 1506 581 1546 ducis
606 1516 739 1545 contra
766 1503 893 1543 foedus
913 1517 982 1554 per
1008 1503 1162 1543 Iberum
1187 1515 1342 1542 amnem

104 1570 304 1619 transitus,
339 1583 360 1609 a
396 1583 473 1621 quo
507 1569 723 1619 Saguntum
743 1597 755 1615 ,
784 1565 974 1604 sociorum
1005 1564 1140 1616 populi
1171 1565 1341 1605 Roman-i

105 1635 236 1674 civitas
253 1664 264 1682 ,
290 1632 434 1673 obseffa
459 1634 595 1672 odiavo
624 1628 752 1669 mense
772 1640 886 1679 capta
906 1627 968 1666 est.
998 1627 1056 1667 De
1081 1627 1219 1678 quibus
1237 1627 1342 1676 inju-

104 1696 169 1735 riis
194 1695 291 1735 miffi
311 1695 425 1746 legati
443 1696 492 1734 ad
512 1690 842 1743 Carthaginienses
855 1722 867 1739 ,
883 1691 948 1740 qui
968 1697 1224 1740 quererentur.
1249 1690 1351 1729 cuni

81 1758 322 1799 ‘satisfacere
348 1757 523 1806 nollent,
552 1754 700 1796 bellum
728 1754 774 1793 iis
797 1752 986 1792 indidium
1019 1752 1083 1791 est.
1116 1751 1340 1801 Hannibal,

105 1821 283 1873 superato
317 1820 495 1871 Pyrenaeo
529 1817 653 1865 saltu,
676 1829 743 1868 per
771 1814 914 1855 Gallias
933 1844 943 1862 ‚
974 1813 1064 1853 fufis
1093 1812 1244 1862 Volcis,
1275 1813 1343 1864 qui

107 1883 283 1924 obsistere
308 1883 436 1922 conati
467 1890 599 1931 erant,
621 1882 671 1921 ad
695 1879 810 1931 Alpes
838 1878 967 1926 venit3
996 1879 1030 1917 ὁὶ
1055 1876 1244 1916 laborioso
1274 1890 1342 1928 per·

106 1960 171 1987 eas
200 1946 358 1986 transitu
385 1946 506 2001 (cum
536 1954 743 1984 montanos
772 1954 925 1994 quoque
957 1940 1087 1981 Gallos
1113 1940 1247 1980 obvios
1275 1940 1343 1980 ali-

108 2017 204 2061 quot
230 2008 375 2060 proeliis
401 2007 625 2059 repulisset)
651 2006 849 2046 descendit
874 2005 913 2043 in
942 2003 1118 2050 ltaliam,
1145 2005 1180 2043 Sc
1205 2004 1253 2042 ad
1276 2001 1344 2044 Ti-

109 2073 245 2112 einum
274 2083 429 2110 amnem
460 2071 655 2110 Romanos
685 2067 848 2119 equestri
874 2064 1012 2117 proelio
1044 2065 1177 2104 fudit:
1201 2066 1241 2104 in
1265 2077 1350 2116 quo,

107 2134 351 2176 vulneratum
377 2134 416 2173 P.
436 2132 658 2172 Cornelium
687 2132 910 2183 Scipionem
939 2129 1109 2179 protexit
1132 2127 1232 2167 filius
1247 2159 1258 2176 ,
1278 2129 1346 2179 qui

107 2199 278 2240 Africani
299 2198 427 2249 postea
452 2211 595 2237 nomen
621 2198 787 2248 accepit.
829 2196 1045 2244 iterumque
1070 2192 1240 2232 exercitu
1268 2192 1346 2232 Ro-

110 2273 226 2300 mano
255 2261 307 2300 ad
339 2260 486 2299 flumen
515 2258 699 2300 Trebiam
733 2256 841 2305 fuso,
873 2254 1068 2296 Hannibal
1094 2254 1347 2305 Apenninum

112 2334 290 2372 quoque,
315 2334 383 2372 per
407 2334 588 2372 magnam
615 2319 784 2359 militum
810 2318 1053 2358 vexationem
1079 2324 1238 2368 propter
1264 2316 1345 2355 vim

110 2382 379 2432 tempestatum
395 2414 407 2432 ,
431 2383 588 2423 transiit.
625 2383 695 2422 Cn.
719 2380 922 2421 Cornelius
947 2379 1075 2430 Scipio
1098 2380 1137 2418 in
1162 2377 1346 2429 Hispania

111 2453 250 2483 contra
269 2444 406 2486 Poenos
432 2446 612 2498 prospere
637 2445 824 2499 pugnavit
838 2475 852 2494 ,
869 2445 968 2485 duce
988 2442 1155 2483 hostium
1174 2443 1348 2496 Magone

109 2518 238 2561 capto·

966 2533 1079 2634 ,ΥΞ
