1701 3008
350 53 363 72 Χ

233 194 830 246 HISTORIARUM
875 200 1014 249 LIB.
1051 202 1207 252 XXI.
1290 221 1385 272 349

91 313 220 364 agere
246 300 437 347 instituit
455 338 470 361 ,
497 319 577 365 per
604 319 713 367 quas
744 303 856 350 aries
884 306 1114 354 moenibus
1147 307 1385 357 admoveri

91 372 250 435 posset.
283 373 368 420 Sed
395 386 445 421 ut
464 373 594 421 locus
615 375 780 438 procul
798 393 931 423 muro
952 377 1052 425 satis
1074 396 1227 444 aequus
1249 399 1387 445 agen-

91 445 160 492 dis
183 445 328 494 vineis
362 445 476 503 fuit3
511 446 572 493 ita
608 447 952 512 haudquaquam
985 452 1227 516 prospere,
1258 455 1388 517 post-

90 534 229 581 quam
250 520 303 566 ad
326 518 533 566 effeffilm
553 519 704 583 operis
720 534 907 568 ventum
930 522 1016 581 est,
1038 525 1203 588 coeptis
1233 525 1386 574 succe·

87 592 236 639 debat.
279 593 329 640 δε
360 592 495 640 turris
523 592 682 655 ingens
712 593 1006 642 imminebat:
1043 598 1092 644 &
1116 615 1297 657 murus,
1332 613 1386 649 ut

87 665 138 713 in
172 664 369 729 suspecto
399 666 539 724 loco,
571 665 701 728 supra
726 677 886 717 ceterae
906 669 1098 716 modum
1133 669 1383 722 altitudinis

89 739 314 787 emunitus
345 752 463 787 erat:
497 742 547 787 &
568 739 784 801 juventus
811 741 1001 801 dele&a‚
1028 742 1107 790 ubi
1136 743 1381 806 plurimum

88 812 280 876 periculi
311 830 362 859 ac
387 812 555 859 laboris
574 811 889 860 ostendebatur
906 851 922 871 ‚
950 813 1014 862 ibi
1034 816 1080 862 vi
1102 817 1273 879 majore
1291 820 1382 866 ob-

87 886 307 934 sistebant.
343 890 410 935 Ac
442 885 592 951 primo
614 886 848 936 miffilibus
868 888 1139 938 submovere
1176 892 1380 954 hostem,

87 977 173 1008 nec
205 960 450 1026 quidquam
477 960 578 1007 satis
606 972 753 1008 tutum
778 962 1084 1012 munientibus
1111 965 1218 1028 pati.
1252 966 1380 1013 dein-

87 1036 143 1082 de
161 1035 249 1098 jam
271 1051 368 1082 non
387 1052 473 1099 pro
492 1034 718 1082 moenibus
736 1036 878 1083 modo
897 1049 1029 1102 atque
1052 1039 1163 1085 turri
1184 1039 1269 1087 tela
1289 1041 1380 1087 mi-

87 1127 188 1158 care
205 1147 217 1168 ‚
250 1109 323 1157 sed
355 1110 409 1156 ad
428 1109 756 1173 erumpendum
783 1110 918 1157 etiam
943 1111 989 1158 in
1014 1112 1227 1161 stationes
1262 1131 1379 1178 ope-

87 1202 222 1249 raque
240 1183 437 1231 hostium
457 1184 631 1232 animus
648 1196 765 1231 erat:
785 1185 947 1249 quibus
961 1186 1261 1236 tumultuariis
1279 1206 1380 1237 cer-

87 1258 331 1306 taminibus
368 1258 485 1304 haud
519 1257 659 1304 ferme
694 1257 842 1321 plures
870 1260 1103 1323 Saguntini
1128 1261 1345 1310 cadebant
1364 1300 1379 1323 ,

85 1348 221 1395 quam
248 1331 394 1379 Poeni.
427 1333 493 1378 Ut
517 1347 630 1378 vero
651 1331 877 1378 Hannibal
909 1331 1002 1395 ipse
1020 1369 1034 1390 ‚
1067 1333 1171 1380 dum
1196 1352 1376 1384 murum

83 1403 306 1451 incautius
344 1402 491 1462 subit,
525 1403 764 1450 adversum
796 1403 943 1451 femur
978 1406 1151 1468 tragula
1181 1408 1376 1470 graviter

83 1476 194 1525 ictus
228 1476 422 1534 cecidit3
452 1489 576 1523 tanta
611 1475 729 1524 circa
762 1476 865 1540 fuga
900 1494 950 1526 ac
985 1477 1228 1540 trepidatio
1260 1479 1375 1539 fuit,

81 1563 135 1598 ut
160 1567 255 1597 non
284 1551 475 1597 multum
507 1550 698 1611 abeffet,
724 1551 835 1615 quin
868 1567 1009 1614 opera
1039 1567 1091 1598 ac
1120 1552 1376 1615 vineaejde-

84 1622 351 1670 sererentur.
1233 1639 1235 1644 ·

162 1698 281 1742 VHI.
319 1695 512 1742 Obsidio
543 1695 704 1742 deinde
742 1712 822 1759 per
864 1713 1039 1760 paucos
1073 1698 1168 1745 dies
1204 1700 1376 1764 magis,

81 1783 224 1832 quam*
240 1768 524 1833 oppugnatio
541 1805 554 1828 ,
577 1768 662 1815 fuit
676 1805 690 1828 ‚
725 1769 832 1815 dum
852 1770 1021 1817 vulnus
1052 1771 1176 1818 ducis
1197 1789 1377 1819 curare·-

80 1855 170 1890 tur.
220 1859 300 1906 per
334 1844 461 1907 quod
485 1857 661 1906 tempus
691 1856 741 1890 ut
767 1844 892 1908 quies
923 1846 1216 1893 certaminum
1247 1859 1376 1905 erat,

80 1918 144 1964 ita
162 1918 219 1964 ab
239 1931 456 1982 apparatu
488 1936 676 1982 operum
707 1937 759 1966 ac
788 1919 1094 1966 munitionum
1130 1921 1245 1967 nihil
1280 1921 1376 1969 ces·-

80 1989 239 2038 satum.
285 1994 434 2055 ltaque
464 1994 612 2039 acrius
641 1994 694 2039 de
726 1993 904 2057 integro
938 1994 1154 2040 obortum
1188 1994 1249 2040 est
1280 1994 1376 2041 bel-

81 2063 176 2110 lum
193 2100 207 2122 ‚
241 2063 531 2127 pluribusque
555 2066 780 2129 partibus,
814 2065 895 2113 vix
920 2065 1248 2129 accipientibus
1273 2067 1377 2131 qui-

81 2137 264 2184 busdam
286 2155 426 2201 opera
459 2139 601 2197 locis,
624 2140 770 2185 vineae
795 2151 959 2202 coeptae
995 2140 1093 2203 agi,
1116 2140 1375 2189 admoveri-

80 2227 172 2275 que
191 2210 317 2258 aries.
332 2212 600 2259 Abundabat
616 2213 903 2260 multitudine
922 2214 1160 2259 hominum
1175 2214 1345 2262 Poenus
1363 2232 1376 2262 :

82 2285 138 2330 ad
159 2298 338 2332 centum
360 2285 480 2332 enim
503 2286 829 2350 quinquaginta
850 2286 989 2332 millia
1016 2285 1212 2332 habuisse
1233 2286 1279 2332 in
1300 2304 1375 2332 ar-

82 2356 167 2404 mis
189 2356 287 2404 satis
310 2358 517 2404 creditur.
554 2358 788 2420 Oppidani
805 2358 858 2403 ad
876 2357 1029 2404 omnia
1052 2359 1216 2404 tuenda
1238 2370 1374 2419 atque

83 2429 295 2476 obeunda
323 2431 610 2478 multifariam
642 2432 839 2478 distineri
872 2433 1013 2494 coepti
1041 2432 1169 2477 sunt:
1206 2433 1255 2476 δε
1276 2446 1373 2475 non

80 2503 358 2553 sufficiebant
382 2504 505 2568 (jam
525 2507 645 2554 enim
665 2505 940 2555 feriebantur
966 2506 1209 2568 arietibus)
1229 2503 1371 2564 muri,
