1701 3008
326 235 418 283 400
706 212 1274 261 T1T1L1v11

324 331 510 386 niilcar,
544 322 755 388 Gisgonis
787 320 901 366 filius
920 355 934 378 ,
971 316 1204 381 praefeflus
1233 313 1453 379 praesidii,
1497 331 1599 362 cum

324 403 460 467 paulo
490 399 635 446 minus
669 394 844 441 duobus
871 391 1068 440 millibus
1099 388 1323 447 militum,
1354 388 1599 451 oppidum-

323 493 411 541 que
429 491 530 522 cum
551 470 692 518 insula
719 468 931 515 traditur:
964 464 1069 513 inde
1095 463 1195 534 1:30st
1219 479 1387 527 paucos
1417 463 1509 514 dies
1528 479 1602 510 re·

324 552 466 597 (litum
504 544 790 608 Lilybaeum,
833 537 1094 602 captivique
1129 538 1180 585 &
1213 553 1238 583 a
1274 535 1458 584 consule
1490 536 1540 582 &
1575 551 1602 581 a

323 634 516 687 praetore
532 655 545 677 ‚
568 628 728 680 praeter
756 613 944 677 insignes
966 609 1200 657 nobilitate
1229 609 1352 658 viros
1371 643 1385 667 ,
1418 607 1498 655 sub
1521 624 1599 655 co-

323 712 438 743 rona
466 691 720 739 venierunt.
752 685 986 748 Postquam
1014 683 1069 730 ab
1096 699 1146 729 ea
1175 679 1300 745 parte
1326 681 1426 728 satis
1457 692 1601 727 tutam

324 767 519 814 Siciliam
544 761 747 811 censebat
783 758 939 806 consul
956 757 1047 814 ‚ad
1069 755 1232 802 insulas
1252 753 1446 801 Vulcani
1470 753 1620 817 (quia¹

324 840 441 886 fama
470 848 586 893 erat,
615 834 725 881 stare
753 832 815 879 ibi
834 829 1045 877 Punicam
1066 825 1270 891 class'em)
1292 825 1479 887 trajecit.
1514 824 1600 873 nec

322 910 554 974 quisquam
585 905 778 952 hostium
807 903 924 950 circa
956 917 1026 948 eas
1057 899 1219 946 insulas
1239 898 1470 946 inventus.
1506 900 1601 945 Jam

325 985 444 1030 forte
463 978 787 1029 transmiserant
814 976 869 1023 ad
894 973 1149 1023 vastandam
1171 971 1307 1018 Italiae
1336 987 1486 1018 oram:
1526 970 1600 1017 de·

323 1050 635 1120 populatoque
662 1047 909 1097 Vibonenfi
938 1062 1045 1111 agro
1065 1081 1079 1103 ,
1109 1044 1267 1091 urbem
1300 1044 1432 1090 etiam
1460 1054 1600 1090 terre-

324 1131 444 1177 bant.
478 1123 716 1189 Repetenti
745 1121 934 1168 Siciliam
964 1118 1139 1167 consuli
1156 1116 1382 1165 exscenfio
1405 1116 1600 1163 hostium

325 1201 373 1247 in
407 1216 559 1262 agrum
590 1193 896 1242 Vibonensem
929 1192 1040 1239 facia
1074 1190 1332 1238 nuntiatur:
1366 1189 1601 1254 literaeque

323 1275 380 1321 ab
409 1272 557 1319 senatu
585 1270 638 1316 (le
673 1267 853 1315 transitu
876 1266 922 1312 in
948 1264 1116 1311 Italiam
1139 1260 1428 1320 Hannibalis,
1457 1262 1535 1316 δε,
1552 1273 1603 1308 ut
1671 1316 1676 1322 ³

321 1347 474 1412 primo
512 1359 697 1408 quoque
733 1354 936 1403 tempore
970 1337 1156 1401 collegae
1189 1335 1323 1382 ferret
1350 1333 1602 1394 auxilium,

324 1418 462 1466 miffae
482 1415 726 1463 traduntur.
761 1411 916 1458 Multis
936 1409 1061 1456 firnul
1081 1408 1242 1456 anxius
1264 1407 1380 1454 curis
1394 1444 1409 1464 ,
1431 1405 1603 1454 exerci-

325 1505 450 1547 tum,
475 1486 702 1550 extemplo
721 1485 767 1531 in
790 1499 929 1531 naves
947 1481 1233 1545 impofitum,
1257 1478 1509 1526 Ariminum
1528 1478 1602 1524 su-

326 1579 440 1627 pero
459 1560 569 1608 mari
589 1559 725 1606 misit:
750 1559 849 1604 Sex.
865 1553 1124 1618 Pomponio
1143 1554 1290 1617 legato
1309 1568 1413 1599 cum
1436 1550 1602 1615 viginti

327 1637 527 1701 quinque
548 1633 694 1696 longis
721 1631 911 1678 navibus
930 1626 1235 1675 Vibonensem
1254 1641 1408 1689 agrum
1427 1624 1602 1671 mariti-

328 1723 534 1770 mamque
561 1721 686 1752 oram
716 1703 850 1750 ltaliae
871 1702 1081 1750 tuendam
1107 1698 1309 1746 attribuit
1330 1716 1340 1744 :
1378 1699 1443 1744 M.
1464 1697 1603 1744 AEmi-

328 1783 393 1828 lio
426 1779 609 1843 praetori
637 1775 958 1841 quinquaginta
977 1774 1159 1820 navium
1181 1770 1355 1817 classem
1376 1771 1600 1833 explevit:

265 1910 274 1913 ἢ
327 1852 418 1915 ipse
438 1849 696 1914 compositis
720 1847 881 1894 Siciliae
899 1846 1029 1892 rebus
1045 1881 1059 1903 ,
1081 1845 1235 1890 decem
1262 1842 1456 1890 navibus
1475 1859 1603 1889 oram

329 1924 462 1970 Italiae
484 1923 631 1985 legens
647 1957 660 1978 ‚
682 1918 933 1966 Ariminum
959 1914 1192 1979 pervenit:
1221 1914 1326 1960 inde
1351 1931 1452 1961 cum
1476 1930 1602 1960 exer-

330 1998 421 2043 citu
439 1996 517 2042 suo
536 1993 759 2058 profecius
777 1991 831 2038 ad
843 1989 1054 2037 Trebiam
1072 1987 1239 2035 flumen
1250 2022 1265 2046 ‚
1282 1986 1470 2050 collegae
1488 2002 1599 2033 con-

327 2066 536 2131 jungitur.

394 2141 481 2185 LII.
516 2140 610 2186 Jam
639 2136 772 2183 ambo
795 2134 1024 2191 consules,
1058 2134 1106 2180 ὃς
1136 2130 1356 2195 quidquid
1370 2131 1599 2176 Romana-

329 2229 429 2258 rum
452 2211 618 2257 virium
648 2222 738 2256 erat
757 2246 768 2267 ‚
802 2206 1041 2254 Hannibali
1080 2204 1371 2268 oppositum,
1410 2214 1485 2249 aut
1514 2202 1601 2250 illis

331 2283 475 2346 copiis
497 2282 674 2329 defendi
691 2281 812 2345 poffe
831 2282 1087 2326 Romanum
1106 2275 1368 2339 imperium,
1388 2285 1462 2321 aut
1483 2274 1602 2336 spem

333 2357 501 2404 nullam
527 2356 654 2403 aliam
682 2356 792 2411 effe,
829 2354 927 2400 satis
955 2351 1217 2400 declarabat.
1252 2350 1426 2395 Tamen
1446 2347 1602 2396 consul

334 2430 466 2486 alter,
484 2427 672 2491 equestri
702 2426 868 2488 proelio
887 2442 980 2471 uno
1000 2425 1052 2471 δε
1068 2422 1255 2470 vulnere
1277 2422 1355 2469 suo
1379 2421 1599 2478 minutus,

331 2501 444 2548 trahi
475 2517 566 2547 rem
591 2499 806 2546 malebat:
839 2495 1026 2544 recentis
1044 2495 1179 2543 animi
1207 2494 1316 2542 alter
1334 2531 1346 2548 ,
1371 2509 1515 2557 eoque
1535 2491 1599 2538 fe-
