1701 3008
157 235 761 282 HlsTORtARUM
809 237 952 283 ΜΒ.
1002 237 1163 285 xxi.
1234 254 1320 300 401

27 341 186 389 rocior
203 378 219 402 ,
243 340 415 389 nullam
439 340 705 391 dilationem
739 342 1004 407 patiebatur.
1036 344 1182 406 Quod
1212 345 1332 393 inter

27 415 244 463 Trebiam
262 416 521 480 Padumque
540 418 634 481 agri
654 417 742 479 est,
770 418 892 466 Galli
918 431 1012 466 tum
1041 417 1330 476 incolebant;

26 488 75 535 in
112 488 307 535 duorum
340 490 697 552 praepotentium
732 490 1018 553 populorum
1051 491 1330 551 certamine,

25 579 108 627 per
128 563 390 628 ambiguum
410 562 613 611 favorem
630 600 646 623 ‚
665 564 788 612 haud
814 565 951 612 dubie
971 567 1156 630 gratiam
1182 567 1329 615 viiio-

25 637 86 684 ris
116 637 373 701 spe&antes.
412 638 462 684 ld
490 639 719 700 Romani,
756 657 813 687 ne
841 641 952 704 quid
984 642 1128 688 modo
1163 658 1331 690 move-

25 723 147 759 rent,
170 728 303 776 aequo
333 711 461 771 satis,
489 713 659 761 Poenus
683 714 925 778 periniquo
947 716 1101 762 animo
1128 715 1328 775 ferebat,

24 785 82 833 ab
106 786 250 834 Gallis
274 781 470 834 accitum
498 786 541 832 se
567 788 738 835 veniffe
765 789 820 835 ad
846 788 1104 836 liberandos
1130 807 1234 850 eos,
1262 791 1330 837 di·-

23 858 196 907 &itana
218 860 297 906 Ob
317 876 417 906 eam
445 859 584 920 iram,
610 860 738 908 fimul
769 874 818 909 ut
839 863 990 926 praeda
1019 863 1207 910 militem
1233 865 1328 912 ale-

24 949 120 992 ret,
143 934 238 981 duo
268 934 410 981 millia
437 936 638 999 peditum
660 937 711 984 &
730 935 853 982 mille
873 937 1044 1000 equites
1060 973 1075 996 ‚
1106 938 1327 986 Numidas

25 1005 300 1070 plerosque,
339 1006 512 1054 mixtos
548 1006 766 1071 quosdam
797 1009 849 1056 &
884 1009 1075 1067 Gallos,
1111 1012 1328 1074 populari

23 1095 212 1127 omnem
239 1080 452 1144 deinceps
478 1099 633 1145 agrum
656 1081 793 1146 usque
823 1082 879 1129 ad
910 1083 1015 1129 Padi
1045 1084 1164 1147 ripas
1192 1084 1327 1148 juffir.

23 1155 220 1219 Egentes
242 1171 332 1218 ope
347 1155 494 1212 Galli,
517 1172 620 1202 cum
640 1156 696 1202 ad
716 1156 762 1202 id
782 1155 947 1204 dubios
968 1156 1210 1205 servass‘ent
1229 1159 1328 1206 ani-

22 1244 155 1286 mos,
189 1228 334 1276 coaffi
366 1228 422 1274 ab
450 1229 708 1276 astitoribus
746 1229 922 1292 injuriae
952 1232 1008 1277 ad
1028 1232 1232 1278 vindices
1257 1233 1326 1279 fu-

21 1312 153 1347 turos
198 1301 461 1349 declinant:
508 1302 748 1367 legatisque
790 1304 846 1349 ad
885 1303 1118 1351 consulem
1153 1305 1327 1363 miffis,

19 1373 241 1421 auxilium
262 1374 580 1421 Romanorum
610 1387 770 1433 terrae,
796 1375 857 1421 ob
884 1375 1066 1422 nimiam
1095 1377 1327 1425 cultorum

22 1443 157 1489 fidem
185 1445 230 1489 in
259 1446 499 1491 Romanos
521 1444 775 1504 laboranti,
812 1459 960 1492 orant.
989 1446 1212 1492 Cornelio
1238 1464 1326 1496 nec

22 1514 155 1562 causa
174 1551 188 1572 ,
219 1531 304 1562 nec
335 1531 512 1578 tempus
536 1515 721 1579 agendae
741 1516 806 1562 rei
839 1517 1071 1579 placebat:
1107 1517 1324 1581 suspeeta-

22 1604 112 1651 que
144 1588 187 1635 ei
219 1604 327 1652 gens
357 1600 451 1634 erat
473 1623 486 1645 ,
523 1604 625 1635 cum
656 1588 718 1634 ob
748 1587 884 1635 infida
913 1590 1055 1636 multa
1087 1589 1325 1649 facinora,

21 1671 147 1718 tum,
178 1672 230 1707 ut
257 1661 341 1707 alia
365 1660 584 1706 vetustate
618 1660 974 1719 obsoleviffent‚
1007 1661 1070 1708 ob
1095 1675 1326 1709 recentem

21 1729 244 1791 Bojorum
277 1730 526 1794 perfidiam.
560 1732 853 1795 Sempronius
872 1744 1059 1790 contra,
1081 1734 1325 1780 continen-

18 1805 92 1853 <lis
122 1806 169 1853 in
199 1805 285 1853 fide
312 1807 447 1856 sociis
468 1808 716 1855 maximum
749 1808 986 1856 vinculum
1008 1809 1094 1856 effe
1117 1809 1324 1872 primos,

22 1879 102 1944 qui
130 1880 347 1943 eguiffent
375 1899 465 1946 ope
483 1918 500 1940 ,
530 1881 763 1939 defensos,
792 1881 1012 1929 censebat.
1045 1884 1194 1942 Tum,
1215 1884 1327 1930 col-

22 1953 120 2017 lega
141 1955 382 2002 cunftante
397 1991 411 2012 ,
442 1955 692 2020 equitatum
715 1954 841 2002 suum
857 1990 870 2014 ‚
889 1955 1013 2002 mille
1036 1955 1237 2019 peditum
1256 1955 1327 2018 ja-

23 2027 304 2075 culatoribus
338 2028 478 2075 ferme
506 2028 715 2076 admixtis
733 2064 747 2088 ‚
780 2029 838 2075 ad
855 2028 1186 2076 defendendum
1211 2030 1328 2077 Gal-

25 2101 164 2149 licum
196 2119 355 2166 agrum
386 2114 509 2149 trans
541 2101 751 2150 Trebiam
784 2102 938 2148 mittit.
975 2102 1037 2157 Ii,
1068 2095 1241 2165 sparses
1274 2105 1327 2152 δε

24 2173 357 2238 incompositos
371 2209 386 2234 ‚
406 2175 462 2222 ad
481 2175 572 2222 hoc
588 2191 748 2238 graves
768 2174 915 2239 praeda
936 2175 1175 2240 plerosque
1188 2210 1203 2232 ,
1219 2193 1327 2223 cum

25 2243 292 2309 inopinatos
322 2245 604 2303 invasissent,
636 2246 863 2310 ingentem
883 2259 1103 2294 terrorem
1128 2249 1325 2296 caedem-

21 2332 111 2379 que
137 2333 190 2364 ac
219 2317 370 2382 fugam
388 2317 530 2382 usque
557 2319 612 2365 ad
643 2318 779 2367 castra
802 2317 1104 2385 stationesque
1124 2321 1326 2369 hostium

25 2388 202 2437 fecere:
234 2391 353 2437 unde
376 2391 666 2439 multitudine
699 2391 832 2439 effusa
854 2393 967 2456 puisi
989 2429 1004 2451 ‚
1042 2394 1188 2441 rursus
1216 2394 1325 2441 sub-

23 2462 137 2509 sidio
167 2462 351 2511 suorum
367 2464 585 2527 proelium
606 2465 851 2514 restituere.
890 2467 1027 2514 Varia
1047 2467 1152 2514 inde
1172 2485 1325 2531 pugna

30 2536 292 2601 sequenteS,
322 2555 585 2605 quanquam
612 2541 667 2588 ad
687 2554 940 2589 extremum
965 2540 1205 2603 aequass'ent
1227 2555 1329 2587 cer-

95 2613 144 2659 T.
175 2613 270 2659 Liv.
304 2615 401 2660 Vol.
419 2617 509 2660 III.
1005 2615 1043 2658 (Σ
1068 2631 1092 2659 e
