1701 3008
337 160 402 207 40
711 146 1288 196 T1T1L1V11

339 253 482 317 pulo,
514 255 564 302 &
590 271 614 301 a
640 255 819 312 senatu,
850 255 900 301 6<
919 254 973 300 ab
994 255 1092 318 ipso
1120 257 1322 322 collega,
1360 257 1494 321 Fabio
1521 264 1635 324 perf

307 366 319 373 .
339 329 516 376 missum
542 328 616 374 est.
651 329 702 374 δε
734 344 834 373 cum
859 329 906 373 P.
935 329 1108 375 Decius
1141 330 1182 377 se
1211 331 1258 376 in
1285 331 1511 379 Samnium
1545 334 1622 382 vel

337 401 385 448 in
403 401 626 448 Etruriam
646 398 868 462 proficisci
891 413 1093 462 paratum
1111 403 1195 449 effe
1221 404 1501 463 ostendisset,
1524 419 1620 454 tan-

337 486 383 521 ta
414 473 566 520 laetitia
595 489 646 519 ac
675 472 917 537 gratulatio
944 473 1060 533 fuit,
1090 487 1141 522 ut
1168 477 1487 539 praeciperetur
1516 480 1620 526 vic-

335 548 452 597 toria
485 548 667 607 animis,
684 548 1047 613 triumphusque,
1075 549 1169 596 non
1189 551 1364 598 bellum
1386 553 1619 601 decretum

335 624 599 672 consulibus
623 623 868 673 videretur.
910 624 1104 671 Invenio
1129 625 1249 686 apud
1280 626 1523 688 quosdam,
1545 645 1620 674 ex-

335 700 533 763 templo,
553 697 789 746 consulatu
810 697 925 745 inito
943 734 957 756 ,
981 698 1209 761 profectos
1230 699 1275 746 in
1298 701 1521 747 Etruriam
1542 706 1622 749 Fa-

334 772 460 820 bium
488 773 808 835 Deciumque,
838 773 930 820 fine
964 774 1055 820 ulla
1086 775 1317 822 mentione
1353 778 1483 824 sortis
1514 795 1620 840 pro-

334 846 591 894 vinciarum
622 845 1010 910 certaminumque
1031 847 1148 894 inter
1175 848 1394 911 collegas,
1420 868 1521 912 quae
1542 867 1619 897 ex·-

333 917 479 981 posui.
512 919 651 976 Sunt,
678 917 841 980 quibus
868 935 924 984 ne
953 919 1050 965 haec
1075 919 1259 983 quidem
1279 921 1520 967 certamina
1539 938 1620 967 ex-

334 1007 508 1054 ponere
541 991 640 1038 satis
680 990 828 1038 fuerit.
864 990 1124 1052 adjecerunt
1157 995 1205 1040 ὅ(
1235 985 1373 1056 Appii
1406 994 1619 1042 crimina-

335 1063 485 1111 tiones
516 1063 569 1110 de
600 1063 737 1110 Fabio
767 1063 941 1111 absente
973 1066 1028 1111 ad
1056 1066 1304 1128 populum,
1338 1067 1389 1113 &
1419 1067 1618 1129 pertina-

333 1136 450 1184 ciam
476 1136 685 1184 adversus
705 1136 968 1198 praesentem
988 1137 1217 1185 consulem
1239 1140 1444 1201 praetoris
1459 1175 1472 1197 ,
1506 1157 1617 1187 con-

334 1212 676 1273 tentionemque
706 1210 837 1256 aliam
873 1210 988 1258 inter
1022 1211 1242 1275 collegas,
1272 1214 1483 1260 tendente
1514 1216 1617 1261 De-

332 1283 440 1342 cio,
482 1294 533 1330 ut
563 1283 651 1330 suae
685 1282 869 1345 quisque
903 1284 1158 1347 provinciae
1198 1284 1362 1331 sortem
1401 1296 1617 1333 tueretur.

331 1357 551 1404 Constare
581 1373 649 1403 res
679 1355 840 1417 incipit
870 1375 927 1404 ex
948 1375 1004 1405 eo
1029 1371 1235 1420 tempore
1253 1395 1268 1415 ,
1299 1375 1391 1421 quo
1426 1360 1616 1421 profeffi

332 1430 469 1476 ambo
485 1430 690 1477 consules
710 1430 764 1476 ad
783 1431 950 1480 bellum
973 1432 1085 1478 sunt.
1113 1434 1324 1479 Ceterum
1340 1469 1353 1491 ,
1375 1447 1616 1497 antequam

330 1502 538 1548 consules
565 1502 611 1548 in
641 1503 861 1551 Etruriam
897 1504 1219 1566 pervenirent,
1255 1507 1456 1554 Senones
1484 1505 1615 1554 Galli

331 1575 620 1624 multitudine
654 1577 824 1640 ingenti
861 1578 916 1623 ad
946 1577 1144 1624 Clusium
1175 1590 1401 1623 venerunt
1421 1614 1434 1633 ,
1468 1578 1616 1643 legio-

329 1664 435 1694 nem
456 1650 703 1695 Romanam
724 1649 951 1713 castraque
972 1648 1287 1712 oppugnaturi.
1330 1649 1484 1713 Scipio
1501 1686 1515 1708 ,
1537 1651 1615 1713 qui

325 1720 484 1767 'castris
504 1716 719 1783 praeerat,
751 1722 859 1769 loco
889 1722 1477 1784 adjuvandampaucitatem
1506 1723 1614 1770 suo-

328 1808 430 1839 rum
464 1794 654 1841 militum
675 1809 794 1843 ratus
814 1834 829 1853 ,
862 1797 908 1842 in
938 1797 1082 1854 colle,
1112 1797 1188 1860 qui
1221 1797 1336 1844 inter
1373 1797 1528 1843 urbem
1563 1799 1615 1845 &

329 1864 467 1910 castra
489 1879 607 1924 erat,
631 1869 769 1915 aciem
799 1869 954 1915 erexit.
987 1870 1071 1914 Sed
1089 1905 1102 1926 ,
1131 1880 1182 1914 ut
1201 1868 1246 1913 in
1268 1885 1315 1915 re
1345 1868 1513 1926 subita,
1534 1886 1615 1932 pa-

330 1953 431 1982 rum
455 1939 693 1999 explorato
712 1941 869 1988 itinere
889 1941 942 1986 ad
961 1940 1116 2004 jugum
1136 1941 1358 2003 perrexit,
1377 1942 1502 2005 quod
1525 1944 1615 1989 ho-

328 2007 416 2055 stes
444 2025 654 2072 ceperant
673 2049 686 2070 ,
721 2013 849 2076 parte
874 2013 957 2060 alia
985 2015 1152 2077 egreffi.
1187 2014 1247 2060 ita
1275 2014 1383 2061 caesa
1408 2016 1614 2078 ab‘tergo

330 2080 482 2145 legiO,
522 2096 654 2148 atque
690 2086 735 2133 in
770 2087 953 2142 medio,
991 2105 1092 2134 cum
1126 2088 1268 2134 hostis
1301 2088 1499 2150 undique
1531 2107 1613 2135 ur-

329 2167 491 2216 geret,
536 2154 860 2208 circumventa.
905 2160 1114 2206 Deletam
1155 2177 1340 2223 quoque
1378 2160 1441 2206 ibi
1470 2159 1614 2223 legio-

330 2241 465 2281 nem,
492 2228 552 2275 ita
581 2242 629 2276 ut
651 2233 833 2279 nuntius
866 2249 961 2279 non
992 2233 1227 2296 superesset
1246 2269 1260 2291 ,
1290 2233 1468 2296 quidam
1505 2249 1614 2280 auc-

329 2309 453 2345 tores
488 2298 615 2356 sunt3
653 2319 735 2350 nec
769 2318 870 2350 ante
901 2306 956 2351 ad
999 2305 1229 2360 consules,
1266 2305 1346 2367 qui
1382 2305 1468 2366 jam
1494 2305 1612 2353 haud

328 2371 494 2432 procul
522 2389 546 2418 a
579 2373 734 2420 Llufio
769 2376 980 2434 aberant,
1020 2378 1181 2425 famam
1213 2378 1305 2438 ejus
1336 2378 1473 2426 cladis
1508 2397 1612 2442 per-

329 2440 466 2491 latam
478 2476 494 2503 ,
516 2460 647 2508 quam
670 2445 718 2494 in
738 2446 981 2512 conspectu
1005 2449 1128 2498 fuere
1147 2450 1388 2499 Gallorum
1414 2452 1611 2518 equites,

583 2584 601 2593 .-
