1701 3008
245 216 554 285 1N'Loc.
599 238 890 285 tinxi<
939 241 1091 288 riv,
1185 217 1354 305 ·'309

58 347 253 397 teremtis,
270 348 335 398 ipsi
360 348 508 386 munita
532 346 620 387 loca
644 347 923 389 obtinuerunt:
942 348 1068 390 donec
1090 350 1280 394 discordia
1301 355 1356 394 in-

58 418 116 448 ter
133 410 236 460 ipsos
259 413 294 451 δι
313 411 453 452 Sardos
478 420 585 461 orta,
608 410 702 462 pulsi
720 410 767 450 ab
784 411 867 459 his,
883 412 922 450 in
941 411 1092 453 Italiam
1110 414 1147 454 se
1163 429 1354 468 recepere.

60 472 164 512 Tum
187 473 303 525 igitur
327 475 596 525 perfecerunt,
625 475 730 525 quod
749 473 944 525 aliquanto
966 477 1093 527 prius,
1112 490 1200 518 cum
1227 479 1357 521 adhuc

60 535 103 574 in
130 536 304 576 Sardinia
337 537 482 586 essent,
512 537 788 588 nequiverant:
819 551 909 577 nam
941 551 988 578 eo
1019 552 1173 592 quoque
1207 549 1357 594 tempo-

62 609 103 637 re
136 600 335 641 Romanos
364 603 413 641 ad
452 601 583 642 insulae
614 602 834 642 dominium
870 606 1146 655 occupandum
1173 607 1357 647 invitave-

59 670 155 702 rant.
194 664 270 704 Sed
297 664 500 715 praesentes
535 664 608 704 slve
634 664 814 715 precibus
831 695 842 714 ‚
863 666 938 706 five
964 667 1162 707 oceafione
1187 670 1358 711 crescen-

61 727 102 766 di
125 729 293 779 apertius
322 728 604 776 demonstrata,
627 736 670 766 ut
701 728 740 766 in
769 729 986 768 Sardiniam
1016 732 1210 783 navigatio
1242 734 1355 775 susci-

55 799 233 842 peretur,
251 792 468 832 obtinuere.
499 792 582 832 Nec
599 791 703 831 enim
726 790 889 842 vulgatae
908 793 1061 834 virtutis
1079 795 1130 834 est
1142 827 1153 845 ,
1168 796 1356 838 abstinere

58 854 173 895 rebus
192 855 348 903 alienis,
376 867 538 905 quarum
564 861 716 906 promta
740 854 784 894 fit
806 855 1006 906 poffessio:
1031 871 1157 909 neque
1180 858 1245 899 hic
1271 863 1351 902 ani-

57 929 146 956 mus
169 917 273 967 apud
290 917 450 967 cupidos
468 918 503 956 δε
525 915 748 955 ambitiosos
764 924 831 956 aut
847 916 944 956 bene
960 926 1026 958 aut
1041 919 1107 958 diu
1124 919 1335 962 simulatur.

113 979 159 1019 V.
202 980 280 1020 Sed
313 978 396 1019 haec
424 979 542 1030 paulo
567 979 681 1030 supra
710 981 834 1031 repeti
868 993 950 1020 non
984 981 1152 1022 alienum
1187 985 1354 1026 videtur.

59 1042 164 1083 Nam
197 1042 364 1083 Romani
389 1049 433 1081 ut
463 1041 712 1082 humanitatis
739 1041 896 1083 laudern
932 1045 1274 1096 consequerentur,
1307 1049 1355 1090 ab

59 1104 172 1144 initio
210 1103 301 1143 belli
330 1104 433 1143 istius
464 1116 604 1154 magno
639 1104 769 1144 animo
804 1104 1172 1156 Carthaginiensium
1202 1110 1356 1153 causam

58 1166 249 1207 foverant.
292 1167 338 1207 Et
365 1167 494 1218 copias
516 1167 673 1218 quidem
699 1167 929 1217 auxiliares,
951 1170 1008 1208 uti
1034 1171 1247 1220 petiverant
1274 1174 1358 1213 Pce-

59 1231 129 1276 ni,
153 1228 277 1268 nullas
301 1229 459 1270 misere:
485 1229 550 1270 sed
572 1243 698 1280 neque
723 1231 944 1279 Uticenses,
967 1245 1094 1284 neque
1118 1248 1352 1287 quemquam

58 1291 109 1331 ad
134 1291 172 1330 se
200 1291 465 1331 deficientium
493 1302 721 1342 receperunt
745 1307 754 1333 :
796 1302 1026 1333 mercatores
1057 1295 1143 1334 suos
1174 1309 1220 1336 ex
1246 1298 1356 1340 Italia

63 1357 100 1395 Sc
135 1354 263 1395 Sicilia
289 1368 345 1394 res
372 1355 594 1395 necessarias
621 1356 670 1395 ad
700 1355 1031 1407 Carthaginienses
1067 1359 1214 1398 deferre
1243 1363 1354 1410 juffe-

59 1426 181 1466 runt‚
212 1430 302 1457 cum
337 1418 509 1457 hostibus
546 1417 863 1470 Carthaginienfis
899 1419 1036 1471 populi
1075 1423 1355 1463 commercium

58 1487 264 1519 vetuerunt
282 1493 290 1520 :
321 1479 458 1519 militis
485 1492 531 1518 cx
546 1479 681 1527 Italia,
704 1483 740 1520 (Sc
760 1480 798 1518 in
815 1480 912 1520 istud
929 1481 1062 1521 saltem
1078 1481 1241 1532 bellum,
1263 1497 1363 1524 con-

58 1543 251 1583 scribendi
276 1543 453 1583 fecerunt
486 1545 725 1595 potestatem.
780 1544 904 1585 Missis
939 1546 1033 1596 quin
1066 1547 1182 1587 etiam
1219 1547 1355 1599 legatis

61 1606 208 1647 bellum
239 1620 500 1658 componere,
528 1620 747 1658 quanquam
776 1607 881 1647 irrito
917 1616 1085 1658 conatu,
1114 1611 1351 1652 studuerunt.

59 1669 109 1710 Et
136 1670 323 1710 inciderat
348 1671 507 1721 quidem
534 1670 650 1721 paulo
680 1678 769 1710 ante
790 1673 1067 1722 controversia,
1093 1675 1197 1723 quod
1226 1674 1354 1715 homi-

60 1748 128 1774 nes
145 1735 302 1775 Italicos
327 1737 454 1775 forum
481 1750 606 1775 rerum
629 1735 827 1776 venalium
855 1737 905 1777 ad
930 1736 1076 1777 hostem
1106 1739 1353 1789 deportantes

60 1796 279 1849 capiebant.
298 1798 431 1847 Poeni,
462 1797 751 1848 carceribusque
780 1797 946 1848 publicis
974 1798 1240 1841 includebant.

114 1861 185 1900 VI.
205 1861 370 1911 Jamque
391 1862 439 1900 ad
457 1862 688 1912 quingentos
717 1862 798 1910 ejus
821 1862 969 1911 generis
997 1861 1192 1902 habebant
1215 1865 1256 1903 in
1272 1866 1354 1904 vin-

63 1921 186 1970 culis;
215 1936 339 1973 neque
365 1925 478 1975 pauci
505 1924 733 1964 dicebantur
758 1925 898 1973 occisi,
930 1927 965 1965 ὅτ.
992 1925 1042 1964 ad
1065 1927 1271 1975 tegendam
1299 1927 1356 1968 la-

62 1985 216 2024 trocinii
237 1986 381 2026 famam
409 1989 450 2027 in
472 2001 575 2028 mare
603 1988 829 2039 praecipitati
855 1988 951 2028 effe:
978 2000 1067 2028 cum
1088 1989 1254 2030 Romani
1272 2004 1352 2032 rem

60 2061 147 2087 eam
171 2049 332 2099 graviter
355 2049 540 2099 ferentes,
557 2051 652 2090 belli
677 2053 801 2090 minas
828 2051 1015 2090 ostentare
1037 2062 1252 2103 coeperunt.
1275 2055 1352 2094 Sed

61 2110 170 2151 Poeni
190 2110 324 2161 legatis
341 2111 456 2150 millis
468 2144 479 2160 ‚
497 2113 560 2162 qui
578 2125 733 2162 omnes,
748 2120 937 2163 quotquot
952 2113 1099 2152 detenti
1121 2114 1354 2166 Carthagine

58 2173 234 2221 fuerant,
263 2175 490 2214 reducerent
511 2175 849 2226 restituerentque‚
875 2176 972 2215 adeo
1006 2175 1204 2226 placarunt
1229 2190 1353 2228 popu-

62 2235 144 2274 lum
170 2236 415 2286 Romanum,
439 2246 483 2277 ut
508 2238 642 2288 reliqui
667 2252 715 2279 cx
737 2238 918 2279 Siciliensi
944 2237 1046 2278 bello
1076 2239 1215 2290 captivi
1242 2240 1353 2280 Puni-

63 2299 100 2337 ci
124 2311 258 2339 omnes
284 2301 359 2340 fine
386 2302 510 2352 pretio
537 2302 830 2342 restituerentur.
859 2302 935 2343 Sed
959 2301 1149 2353 postremo
1165 2302 1257 2342 vicit
1273 2316 1353 2343 am-

63 2361 186 2410 bitio,
218 2364 493 2415 premendique
524 2365 656 2416 populi
697 2365 862 2404 studium
883 2396 894 2413 ,
920 2378 1088 2416 quocum
1129 2379 1196 2417 per
1229 2379 1351 2407 annos

63 2431 227 2474 quatuor
244 2425 282 2463 Sc
300 2425 439 2475 viginti
466 2427 627 2478 ancipiti
652 2427 804 2467 fortuna
829 2437 1043 2479 pugnatum
1072 2429 1348 2479 meminerant,

110 2550 132 2591 ς
156 2550 214 2583 IV.
231 2550 350 2594 Polyb.
367 2563 403 2594 1,
419 2562 435 2598 3
454 2551 488 2587 &
508 2553 564 2596 65.
590 2555 613 2599 5
638 2555 681 2591 V.
700 2555 822 2590 Zonar.
842 2557 960 2600 Nepos
976 2556 1010 2591 in
1033 2557 1174 2591 Hamilc.
1200 2558 1341 2601 Apum,

64 2606 118 2640 ap.
138 2595 213 2630 Urs.
234 2595 354 2641 Polyb.

1002 2648 1044 2692 V
1068 2664 1087 2708 3
