1701 3008
152 256 759 306 HISTORtARUM
793 259 931 308 ΜΒ.
969 261 1120 309 XXI.
1222 277 1313 327 403

26 367 265 432 tociusque
292 368 458 415 spitum
486 369 707 432 prospero
738 386 840 416 cum
867 369 1194 432 praedatoribus
1233 372 1320 419 suis

29 442 271 489 certamine
312 442 544 498 crederet3
581 441 723 488 adesse
759 443 964 506 gerendae
998 443 1061 490 rei
1089 443 1321 492 fortunam

25 515 147 562 haud
173 515 413 563 diffidebat.
444 515 568 577 cujus
589 534 644 563 ne
666 519 792 581 quod
812 518 1172 580 praetermitteret
1204 531 1322 566 tem·-

28 605 111 651 pus
128 624 141 646 ,
169 588 388 636 sollicitus
410 588 698 653 intentusque
720 603 838 646 erat,
864 590 970 635 dum
1001 590 1091 636 tiro
1122 591 1320 637 hostium

31 658 135 705 effet
172 660 336 719 miles,
376 661 483 706 dum
522 660 760 707 meliorem
794 678 850 707 ex
887 661 1079 709 ducibus
1116 661 1325 710 inutilem

29 734 197 781 vulnus
213 734 402 792 faceret,
419 735 524 781 dum
542 735 781 781 Gallorum
802 734 939 781 animi
961 735 1186 799 vigerent:
1208 754 1327 801 quo-

30 824 131 854 rum
159 809 390 871 ingentem
409 807 743 854 multitudinem
765 808 928 856 sciebat
946 807 1119 872 segnius
1145 810 1328 859 secutu-

28 899 156 940 ram,
191 894 364 946 quanto
395 879 576 945 longius
605 882 660 928 ab
693 883 836 929 domo
872 882 1167 930 traherentur.
1205 886 1329 933 Cum

31 956 96 1003 ob
126 956 223 1002 haec
259 955 455 1018 taliaque
491 955 684 1018 speraret
719 956 1030 1019 propinquum
1067 970 1325 1017 certamen,

30 1030 82 1076 &
119 1027 297 1087 facere,
330 1028 361 1074 fi
397 1028 660 1087 cessaretur,
695 1041 907 1092 cuperet;
941 1028 1330 1094 speculatoresque

30 1102 178 1159 Galli,
199 1103 255 1148 ad
277 1119 327 1148 ea
345 1102 626 1164 exploranda
642 1138 656 1160 ‚
675 1119 777 1165 quae
797 1102 934 1150 vellet
948 1138 961 1160 ,
982 1102 1173 1150 tutiores
1188 1140 1202 1162 ,
1221 1105 1330 1168 quia

30 1175 78 1222 in
113 1176 312 1239 utrisque
346 1176 496 1222 castris
529 1175 810 1233 militabant,
842 1189 1024 1238 paratos
1055 1195 1213 1242 pugna:
1235 1180 1322 1226 effe

29 1250 266 1296 Romanos
295 1248 569 1304 retulissent3
599 1248 755 1296 locum
778 1248 948 1296 insidiis
978 1250 1326 1314 circumspeffffi-

32 1338 79 1368 re
98 1323 266 1368 Poenus
289 1320 445 1382 coepit.

116 1400 232 1445 Ltv.
268 1400 374 1444 Erat
410 1397 456 1443 in
495 1396 648 1444 medio
685 1396 813 1444 rivus
835 1430 849 1453 ‚
890 1398 1084 1462 praealtis
1116 1396 1330 1462 utrinque

33 1467 206 1514 clausus
231 1468 337 1531 ripis
353 1503 367 1526 ,
387 1468 436 1514 &
458 1467 576 1514 circa
598 1468 765 1529 obsitus
785 1468 1050 1531 palustribus
1067 1469 1231 1528 herbis,
1252 1474 1329 1529 &‚

30 1540 194 1603 quibus
213 1540 380 1588 inculta
399 1540 536 1587 ferme
555 1540 833 1600 vestiuntur,
858 1542 1065 1606 virgultis
1087 1545 1329 1607 vepribus-

34 1629 134 1676 que.
184 1629 317 1676 quem
350 1613 428 1658 ubi
458 1613 513 1658 ad
545 1612 717 1676 equites
755 1631 941 1677 quoque
973 1618 1191 1679 tegendos
1227 1609 1332 1664 sa‘tis

35 1684 309 1732 latebrosum
332 1684 486 1731 locum
523 1685 849 1733 circumveffils
879 1686 970 1750 ipse
1000 1689 1146 1735 oculis
1178 1690 1336 1751 perlu—

35 1756 223 1806 stravit:
257 1760 344 1804 Hic
375 1761 450 1803 erit
482 1763 622 1815 locus,
646 1758 836 1821 Magoni
867 1758 993 1805 fratri
1023 1759 1106 1819 ait,
1133 1780 1249 1823 quem
1270 1778 1334 1808 te·-

36 1849 151 1877 neas.
181 1833 333 1891 Dellge
359 1847 546 1876 centenos
567 1835 680 1878 viros
701 1851 753 1877 ex
783 1836 900 1879 omni
919 1837 1059 1894 pedite
1081 1851 1200 1896 atquc
1223 1839 1334 1897 equi·

36 1920 72 1949 te
86 1922 105 1958 ,-
140 1921 229 1948 cum
249 1905 398 1963 quibus
420 1906 481 1948 ad
495 1923 556 1949 me
575 1907 724 1966 vigilia
737 1908 880 1965 prima
898 1909 1057 1953 venias.
1092 1910 1218 1952 Nunc
1234 1921 1333 1953 'cor-

17 1996 140 2039 ›pora
169 1995 306 2022 curare
330 1994 486 2038 tempus
509 1981 571 2046 est.
613 1981 673 2024 Ita
699 1978 963 2040 praetorium
985 1979 1177 2027 missum.
1216 1997 1330 2027 mox

39 2066 143 2096 cum
161 2049 340 2094 delectis
364 2050 497 2113 Mago
517 2051 680 2097 aderat.
708 2051 879 2097 Robora
899 2055 1081 2098 virorum
1098 2072 1215 2100 cerno
1230 2089 1244 2112 ,
1261 2055 1334 2100 in·-

35 2123 136 2188 quit
162 2123 402 2171 Hannibal.
422 2125 507 2185 fid
521 2160 534 2181 ‚
552 2141 597 2171 uc
617 2124 659 2171 δ’
677 2144 845 2170 numero
864 2128 985 2170 etiam
1003 2162 1018 2182 ‚
1052 2145 1138 2172 non
1169 2132 1331 2173 animis

39 2199 164 2242 modo
181 2232 194 2254 ‚
214 2200 390 2241 valeatis
408 2231 421 2253 ‚
446 2197 635 2261 singulis
662 2200 780 2243 vobis
796 2216 978 2243 novenos
996 2217 1048 2243 ex
1068 2203 1215 2245 turmis
1241 2219 1335 2244 ma-

39 2270 272 2329 nipulisqwe
301 2288 348 2315 νε
383 2270 590 2334 rislmiles
624 2272 787 2331 eligite:
820 2272 954 2332 Mago
971 2274 1108 2316 locum
1134 2272 1337 2331 monstra—

41 2344 132 2398 bic,
164 2361 279 2402 quem
311 2343 541 2408 instdeatis.
581 2345 747 2410 Hostem
777 2363 921 2391 caecum
948 2348 1009 2391 ad
1038 2349 1116 2391 lzczs
1141 2349 1236 2393 belli
1259 2366 1334 2393 ar-

42 2432 99 2460 ces
121 2416 338 2462 habebitis.
372 2419 434 2462 Ita
463 2417 581 2463 mille
610 2417 833 2482 equitibus
863 2419 1078 2482 Magoni,
1109 2419 1232 2465 mille
1255 2434 1337 2482 pe-

42 2487 209 2532 ditibus
231 2488 437 2547 climiffis,
457 2490 682 2536 Hannibal
704 2492 845 2554 prima
863 2491 964 2539 luce
978 2492 1196 2538 Numidas
1217 2491 1342 2554 equi·

42 2570 106 2606 tes
123 2594 138 2617 ,
162 2559 450 2625 transgressos
467 2563 683 2612 Trebiam
706 2564 873 2613 flumen
887 2601 900 2626 ‚
931 2565 1197 2628 obequitare
1213 2563 1340 2628 jubet

921 2637 961 2683 C
982 2653 1004 2686 c
1043 2653 1070 2684 2
