1701 3008
274 215 356 263 IN
403 205 1142 287 LOC.LIB.'XV11L1V.
1293 217 1382 252 221

104 324 248 372 libant,
269 330 376 362 tanto
401 320 638 372 expeditius,
656 317 759 370 quod
776 324 937 367 utroque
959 327 980 354 a
999 313 1116 353 latere
1138 311 1246 352 scalae
1267 311 1388 351 lorica

106 399 205 437 genu
228 393 338 425 tenus
371 383 472 431 alta,
498 381 682 420 tutiorem
708 378 891 418 incess'um
922 376 1158 428 gradumque
1179 374 1389 414 firmiorem

107 447 329 498 praestabat:
358 445 470 497 primi
493 446 597 483 enim
619 444 762 493 quique
786 440 965 492 projectis
986 446 1073 477 ante
1096 436 1133 476 se
1153 435 1267 475 scutis
1288 435 1393 475 fron„

107 520 187 548 tem
204 508 381 548 adversus
404 506 570 546 hostium
594 504 668 544 tela
694 502 947 555 protegebant
965 515 975 549 3
993 512 1095 551 pone
1111 497 1308 549 sequentes
1328 497 1392 535 sua

109 570 215 609 scuta
246 570 371 609 loricae
400 569 578 618 utrinque
607 564 881 616 applicabant;
910 562 958 601 sie
978 563 1091 600 etiam
1121 559 1298 598 lateribus
1328 559 1394 596 cle-

109 631 245 681 fenfis,
265 644 404 671 navem
427 629 623 669 adversam
648 625 788 665 collato
809 624 927 675 gradu
953 622 1241 673 oppugnabant.
1261 619 1395 659 fiebat-

112 707 187 745 que
215 707 343 745 pugna
372 705 450 732 non
482 690 711 739 rostrorum,
740 688 805 729 sed
843 686 985 727 enslum
1011 687 1253 734 virorumque
1277 682 1396 721 comi-

111 767 206 805 nus,
237 757 273 795 ὃ(
299 755 456 794 statariae
481 751 622 792 fimilis.
719 799 722 804 ι

182 817 256 858 ΙΧ.
296 816 412 857 Unde
446 815 620 854 Romano
640 843 652 862 ‚
682 812 747 863 qui
780 811 916 851 robore
943 809 1168 862 praestabat,
1195 807 1397 848 adversum

113 877 294 918 homines
315 877 449 917 leviter
472 883 660 922 armat08‚
681 873 910 924 naviumque
930 872 1057 923 potius
1088 870 1256 922 agilitate
1282 882 1397 920 quam

115 941 294 980 manibus
317 926 518 986 'confisos‚
547 937 669 977 facilis
697 937 855 976 vietoria
890 935 988 975 fuit:
1027 933 1273 982 celeriterque
1312 931 1398 970 sunt

117 1012 346 1054 expugnatae
378 1014 495 1041 naves
521 1001 674 1040 Punicae
703 999 883 1050 triginta:
917 998 957 1036 in
990 995 1126 1046 quibus
1161 996 1197 1034 <Sc
1226 994 1399 1044 praetoria

116 1067 330 1118 septiremis
350 1074 462 1117 capta
491 1065 553 1104 est.
598 1061 792 1104 Hannibal
820 1069 973 1108 tamen,
1001 1071 1090 1098 cum
1116 1071 1165 1098 ex
1190 1058 1298 1105 navi,
1317 1069 1398 1106 quae

121 1132 201 1181 jam
225 1130 468 1180 capiebatur,
490 1129 531 1167 in
553 1126 750 1177 scapham·
767 1124 862 1164 saltu
888 1122 925 1162 fe
954 1120 1180 1168 demififfet,
1201 1119 1402 1170 captivita-

119 1201 199 1231 tem
229 1192 353 1231 evasit.
390 1191 596 1242 rapideque
634 1188 742 1228 miffo
776 1185 1043 1236 Carthaginem
1070 1183 1218 1232 amico,
1252 1182 1315 1233 qui
1346 1182 1404 1221 fa·

121 1268 227 1295 mam
265 1254 383 1294 cladis
421 1246 670 1304 praeveniren
697 1250 903 1289 imminens
940 1247 989 1286 ob
1022 1259 1101 1285 rem
1133 1244 1232 1284 male
1262 1244 1403 1296 gestam

123 1316 356 1369 supplicium
372 1317 449 1356 astu
477 1315 694 1356 declinavit.
724 1313 759 1353 Is
775 1313 880 1351 enim
903 1311 1049 1350 curiam
1075 1307 1281 1360 ingreffus,
1303 1306 1404 1357 quali

123 1393 164 1420 re
189 1379 316 1419 adhuc
335 1380 480 1430 integra
498 1377 697 1417 confilium
718 1389 738 1414 a
755 1376 894 1415 Senatu
921 1372 1055 1424 petiit,
1078 1371 1405 1422 congrediendumnc

127 1457 204 1482 cum
233 1446 397 1482 Romana
423 1440 525 1493 claffe
551 1440 755 1478 videretur?
785 1434 962 1476 omnibus
990 1431 1308 1473 succlamantibus
1325 1461 1335 1478 .,
1361 1445 1403 1468 ne

120 1505 353 1544 dubitandum
380 1503 538 1556 quidem,
568 1514 630 1540 aut
656 1499 874 1553 differendum
897 1497 1031 1551 fizffl’:
1059 1497 1179 1545 Fecit,
1198 1494 1347 1545 inquit,
1371 1492 1406 1530 ὃ)

126 1567 237 1605 vinus
263 1567 316 1618 est.
348 1565 406 1604 Ita
430 1577 509 1602 non
531 1561 760 1602 audentibus
779 1558 950 1599 incusare
980 1558 1125 1597 fanum
1143 1587 1154 1604 ‚
1181 1557 1290 1604 cujus
1305 1584 1315 1602 ,
1342 1567 1407 1592 an-

128 1636 283 1677 tequam
303 1626 430 1672 fieret,
444 1627 616 1664 auftores
633 1623 707 1662 effe
722 1635 790 1673 pro
806 1621 843 1661 se
860 1620 1016 1672 quisque
1031 1617 1234 1658 voluiffent
1245 1649 1257 1664 ,
1273 1616 1405 1666 capitis

129 1701 245 1740 poena
270 1688 451 1727 liberatus
467 1687 518 1725 est
540 1687 767 1736 imperator,
784 1684 1006 1735 praefestura
1030 1683 1189 1721 navium
1212 1679 1379 1718 ademta.

211 1751 265 1790 -Χ,
304 1751 484 1790 Ceterum
512 1749 595 1799 post
633 1748 765 1798 fugam
797 1747 906 1786 ducis
933 1758 953 1784 e
977 1743 1115 1795 proelio
1144 1741 1295 1792 reliquae
1324 1740 1413 1780 Car-

133 1814 429 1865 thaginiensium
450 1825 565 1852 naves
584 1811 804 1865 (supererat
824 1818 949 1849 autern
970 1820 1053 1858 pars
1069 1804 1191 1845 multo
1211 1804 1406 1851 maxima)

135 1879 327 1928 impedito
357 1877 534 1923 consilio,
558 1875 651 1926 quid
667 1874 887 1913 faciendum
913 1871 1024 1918 elset,
1047 1868 1317 1920 ambigebant:
1346 1880 1413 1918 pu-

137 1941 256 1981 debat
290 1941 472 1979 excedere
510 1952 666 1990 pugna,
694 1937 800 1976 nullo
827 1945 910 1975 tum
947 1941 1106 1984 accepto
1138 1930 1413 1975 incommodo,

137 2017 187 2043 ne
209 2003 314 2042 hoste
342 2003 498 2053 quidem
522 2008 702 2052 urgente:
731 1999 876 2038 rursum
902 1996 1095 2037 Romanas
1119 2005 1232 2033 naves
1261 1988 1413 2042 aggredi

137 2078 341 2105 corvorum
369 2072 473 2102 metu
500 2062 803 2102 cunctabantur:
835 2059 882 2098 ad
900 2057 1130 2108 postremum
1155 2053 1324 2103 undique
1344 2052 1416 2090 cir-

140 2126 329 2166 cumvecli
347 2157 358 2174 ‚
388 2128 423 2165 &c
453 2125 623 2163 nauticas
652 2132 750 2162 artes
780 2133 912 2160 omnes
943 2117 1113 2167 experti,
1136 2114 1202 2154 ubi
1235 2113 1338 2153 omni
1367 2125 1416 2152 ex

139 2198 248 2241 parte
274 2188 418 2238 opponi
446 2186 513 2224 fibi
536 2185 648 2224 rostra
675 2187 709 2224 ἃ
735 2183 852 2232 objici
878 2177 1137 2220 formidabiles
1163 2176 1246 2215 illas
1274 2174 1418 2214 maelii-

140 2264 209 2290 nas
235 2252 394 2298 vident3
421 2248 618 2298 desperata
643 2246 800 2286 vi&oria
825 2242 1029 2284 discessere.
1061 2237 1195 2281 Mersae
1218 2239 1418 2278 traduntur

141 2326 189 2352 eo
216 2313 352 2363 proelio
380 2325 493 2351 naves
516 2311 664 2351 Punicae
695 2306 982 2359 quatuordecim
999 2335 1010 2351 ‚
1027 2311 1146 2354 captae
1181 2314 1253 2340 una
1288 2303 1322 2340 ὃς
1349 2301 1420 2338 tri-

144 2376 273 2425 ginta,
301 2387 389 2414 cum
418 2375 565 2425 septem
590 2372 793 2411 hominum
819 2368 1016 2417 millibus,
1034 2365 1231 2417 postquam
1248 2375 1418 2414 pugnan-

193 2499 315 2541 §VIIL
340 2498 427 2531 Flor.
444 2499 558 2530 Front.
573 2497 674 2530 [Tri-at.
691 2507 708 2528 2
724 2521 733 2536 ,
748 2504 778 2539 3.
797 2493 917 2539 Polyb.
944 2490 1038 2537 §1x.
1064 2490 1140 2526 Val,
1157 2488 1250 2523 Max.
1269 2483 1304 2527 ἢ,
1325 2496 1362 2529 3,
1390 2494 1421 2525 7.

146 2545 268 2582 Zonar.
291 2543 387 2581 Aust.
416 2543 455 2577 de
482 2543 556 2579 Vir.
578 2542 626 2577 ill·
