1701 3008
351 269 445 314 404
715 241 1276 291 T1T1L1V11

351 360 544 408 hostium
579 354 722 420 portis
742 388 756 411 ‚
788 350 1118 414 jaculandoque
1149 348 1197 394 in
1233 347 1445 396 stationes
1480 347 1641 396 elicere

348 433 404 479 ad
426 445 623 493 pugnam
647 426 845 472 hostem:
876 422 1043 483 injecto
1074 420 1242 467 deinde*
1261 421 1532 479 certamine,
1563 436 1640 468 ce-

349 505 500 552 dendo
527 499 682 548 senfim
711 498 823 546 citra
856 496 1026 543 flumen
1057 496 1329 558 pertrahere.
1367 495 1477 542 Haec
1511 511 1642 541 man-

347 577 448 623 data
487 571 710 621 Numidis.
754 569 912 620 ceteris
946 568 1138 616 ducibus
1174 568 1376 631 peditum
1414 567 1642 631 equitum-

348 669 438 716 que
466 663 770 714 praeceptum,
804 658 852 693 ut
874 644 1092 709 prandere
1119 642 1279 691 omnes
1303 642 1540 705 juberent:
1572 659 1646 689 ar·
1687 641 1690 646 ’

349 736 494 772 matos
523 722 683 768 deinde
700 757 715 779 ,
741 717 1017 782 instratisque
1040 716 1168 781 equis
1183 751 1198 772 ‚
1228 715 1403 779 signum
1420 713 1644 778 exspecta-

350 814 413 845 re.
450 794 772 859 Sempronius,
791 793 847 839 ad
861 792 1106 839 tumultum
1126 789 1422 836 Numidarum
1446 788 1644 852 primum

352 887 539 920 omnem
560 867 807 932 equitatum
824 901 839 925 ,
868 864 1003 912 ferox
1037 880 1087 910 ea
1113 874 1239 926 parte
1268 862 1463 917 virium‚·'
1485 862 1645 909 deinde

349 947 424 993 sex
443 944 581 991 millia
608 941 809 1005 peditum
824 976 838 998 ‚
873 939 1105 1003 postremo
1127 953 1286 984 omnes
1312 936 1466 1000 copias
1486 936 1542 981 ad
1564 936 1644 982 de-

353 1020 561 1067 stinatum
604 1014 690 1077 jam
731 1025 834 1060 ante
880 1010 1110 1068 consilio,
1151 1009 1314 1056 avidus
1351 1007 1644 1065 certaminis,

353 1092 523 1140 eduxit.
559 1092 664 1137 Erat
682 1086 800 1135 forte
821 1087 991 1132 brumae
1019 1097 1196 1146 tempus
1221 1084 1271 1130 δε
1292 1080 1456 1129 nivalis
1487 1080 1579 1126 dies
1597 1080 1647 1126 in

353 1164 469 1211 locis
492 1160 682 1224 Alpibus
703 1157 1040 1221 Apenninoque
1060 1154 1336 1216 interjectis,
1371 1153 1648 1217 propinqui-

353 1248 440 1284 tate
477 1234 609 1281 etiam
646 1232 885 1278 fluminum
921 1246 973 1277 ac
1023 1228 1234 1291 paludum
1275 1224 1540 1289 praegelidis.
1591 1223 1649 1270 ad

354 1309 445 1354 hoc
480 1308 644 1370 raptim
679 1304 848 1351 eductis
885 1302 1148 1349 hominibus
1184 1313 1317 1363 atque
1354 1298 1513 1362 equis,
1549 1313 1647 1345 non

355 1391 492 1441 capto
520 1391 622 1424 ante
660 1377 764 1424 cibo
782 1411 796 1433 ‚
834 1391 930 1421 non
961 1391 1051 1435 ope
1078 1374 1169 1421 ulla
1199 1374 1256 1420 ad
1286 1371 1529 1420 arcendum
1562 1368 1645 1415 fri-

355 1466 436 1513 gus
468 1448 696 1505 adhibita,
727 1446 840 1492 nihil
861 1445 1027 1493 caloris
1047 1445 1213 1491 inerat:
1247 1444 1297 1491 ὃ(
1324 1442 1550 1506 quidquid
1569 1457 1649 1487 au-

357 1539 420 1568 rae
448 1521 647 1568 fluminis
679 1517 1108 1581 appropinquabant
1127 1553 1142 1575 ,
1177 1516 1353 1563 afflabat
1385 1505 1534 1562 acrior
1567 1512 1651 1559 fri-

357 1591 480 1654 goris
515 1591 599 1639 vis·
636 1593 699 1637 Ut
728 1607 844 1637 vero
875 1588 1147 1652 refugientes
1169 1587 1386 1634 Numidas
1414 1585 1650 1646 insequen-

358 1677 425 1710 tes
446 1680 607 1725 aquam
634 1660 809 1724 ingreffi
844 1660 941 1706 sunt
957 1697 972 1718 ‚
1006 1660 1088 1723 (&
1115 1672 1208 1706 erat
1234 1656 1488 1721 pectoribus
1519 1668 1648 1702 tenus

360 1735 486 1781 aucta
515 1734 742 1780 noc'turno
773 1732 939 1794 imbri)
972 1744 1067 1777 tum
1098 1731 1256 1793 utique
1292 1727 1470 1792 egreffis
1503 1727 1649 1791 rigere

359 1808 576 1854 omnibus
614 1821 843 1868 corpora,
881 1818 933 1850 ut
970 1804 1049 1851 vix
1080 1819 1312 1850 armorum
1348 1800 1650 1847 tenendorum

359 1880 564 1942 potentia
584 1879 721 1926 effent
733 1914 747 1936 ,
763 1880 813 1925 δέ
832 1877 961 1924 finiul
979 1877 1250 1935 lafiitudine,
1269 1874 1543 1939 procedente
1561 1871 1651 1935 jam

363 1953 433 2000 die
456 1989 470 2011 ‚
501 1953 618 2000 fame
637 1953 768 1999 etiam
799 1951 1003 1998 deficere.

426 2026 521 2072 LV.
557 2023 820 2071 Hannibalis
839 2023 1020 2070 interim
1045 2021 1200 2077 miles,
1227 2020 1404 2083 ignibus
1428 2030 1529 2065 ante
1549 2029 1650 2064 ten-

365 2099 482 2144 toria
524 2098 678 2156 factis,
717 2099 916 2161 oleoque
956 2114 1035 2159 per
1072 2095 1358 2156 manipulos,
1400 2104 1451 2141 ut
1490 2091 1648 2138 molli-

363 2182 465 2215 rent
493 2185 641 2228 artus,
672 2170 832 2228 misso,
863 2172 912 2216 &
950 2168 1055 2215 cibo
1091 2184 1170 2230 per
1199 2165 1344 2212 otium
1374 2174 1537 2226 capto,
1573 2161 1649 2208 ubi

365 2243 653 2305 transgress'os
688 2241 856 2287 ssumen
893 2241 1044 2287 hostes
1084 2238 1336 2285 nuntiatum
1369 2233 1430 2281 est
1453 2270 1467 2292 ‚
1505 2234 1651 2281 alacer

366 2316 524 2361 animis
558 2314 916 2377 corporibusque
941 2331 1059 2360 arma
1091 2312 1241 2374 capit,
1269 2323 1401 2371 atque
1435 2309 1482 2355 in
1509 2309 1650 2355 aciem

366 2388 589 2449 procedit.
626 2388 817 2434 Baliares
858 2387 981 2433 locat
1017 2397 1119 2431 ante
1149 2384 1301 2447 signa,
1331 2383 1479 2430 levem
1509 2398 1652 2428 arma·

366 2474 509 2506 turam
528 2495 543 2517 ,
565 2460 671 2505 octo
702 2458 840 2505 ferme
860 2459 997 2504 millia
1024 2456 1262 2503 hominum
1282 2474 1296 2512 3
1332 2456 1435 2502 dein
1467 2454 1651 2518 gravio-

368 2548 458 2578 rem
485 2531 615 2578 armis
650 2531 879 2595 peditem,
916 2529 1042 2593 quod
1076 2528 1276 2587 virium,
1312 2527 1436 2591 quod
1472 2524 1651 2574 roboris
