1701 3008
330 178 424 243 375
686 174 1246 224 T1T1L1vr1

327 285 552 349 damusque
581 300 729 332 amnes
748 320 762 345 ‚
790 281 975 330 diverfis
993 299 1051 331 ex
1069 283 1261 347 Alpibus
1292 284 1604 347 decurrentes,

328 359 422 424 agri
449 359 721 424 aliquantum
749 355 971 419 amplexi,
1003 356 1244 405 confluunt
1261 357 1308 405 in
1327 376 1477 406 unum.
1508 362 1605 407 Me-

328 431 413 478 diis
429 429 596 492 campis
615 428 770 475 lnsulae
797 445 966 477 nomen
989 428 1196 478 inditum.
1231 432 1443 481 Incolunt
1460 450 1604 497 prope

329 503 623 566 Allobroges,
654 518 759 566 gens
777 501 867 563 jam
884 502 988 550 inde
1006 503 1129 551 nulla
1153 504 1329 579 Gallica
1355 519 1484 569 gente
1506 507 1605 570 opi-

326 576 408 622 bus
440 588 516 622 aut
535 575 652 622 fama
674 575 887 623 inferior:
910 588 1003 623 tum
1024 577 1193 626 discors
1223 593 1327 626 erat.
1351 580 1490 643 Regni
1511 597 1606 627 cer-

326 647 493 694 tamine
523 647 808 712 ambigebant
826 647 997 697 fratres.
1025 649 1173 712 major
1186 686 1200 707 ,
1219 654 1268 700 &
1285 651 1362 714 qui
1379 653 1504 715 prius
1522 651 1606 699 im*-

325 722 561 787 peritarat‚
579 722 771 768 Braneus
789 720 1002 780 nomine,
1019 722 1194 770 minore
1211 724 1266 771 ab
1287 724 1421 772 fratre
1441 726 1492 772 &
1509 742 1606 772 coe-

327 808 379 843 tu
405 796 633 857 juniorum
650 832 663 852 ‚
697 795 773 858 qui
802 793 904 857 ‘jure
934 796 1081 844 minus
1098 832 1112 854 ,
1149 798 1197 845 vi
1226 796 1328 859 plus
1359 809 1571 860 poterant
1588 833 1605 857 ,

328 870 587 934 pellebatur.
618 869 759 931 Hujus
780 869 1011 917 seditionis
1029 883 1370 933 peropportuna
1386 871 1607 936 discepta-

331 943 399 989 tio
425 960 527 990 cum
547 942 602 989 ad
620 941 915 988 Hannibalem
945 942 1104 1004 reje&a
1128 943 1254 1002 esset,
1285 944 1450 991 arbiter
1481 945 1605 1008 regni

328 1014 466 1060 faetus
478 1049 492 1072 ‚
512 1013 636 1077 quod
655 1029 706 1059 ea
722 1011 894 1060 senatus
911 1012 1256 1078 principumque
1278 1013 1492 1061 sententia
1511 1013 1607 1061 fue-

328 1098 422 1143 rat,
441 1085 676 1148 imperium
697 1083 859 1147 majori
877 1084 1080 1133 restituit.
1108 1086 1170 1133 ob
1192 1086 1239 1132 id
1253 1086 1462 1133 meritum
1479 1103 1605 1135 com·

328 1172 479 1208 meatu
495 1158 717 1221 copiaque
734 1174 886 1204 rerum
902 1157 1105 1204 omnium
1117 1193 1132 1216 ,
1150 1158 1344 1207 maxime
1360 1157 1497 1207 vestis
1508 1194 1523 1218 ,
1544 1159 1605 1206 est

331 1234 533 1296 adjutus,
561 1248 694 1296 quam
725 1229 912 1278 infames
945 1229 1183 1294 frigoribus
1210 1230 1343 1293 Alpes
1370 1229 1608 1294 praeparari

331 1305 570 1370 cogebant.
601 1300 768 1349 Sedatis
795 1300 1111 1350 certaminibus
1136 1301 1438 1366 Allobrogum
1457 1337 1471 1361 ‚
1504 1320 1609 1351 cum

329 1381 418 1444 jam
435 1380 570 1442 Alpes
597 1387 794 1442 peteret,
820 1393 917 1423 non
945 1377 1062 1424 reEta
1088 1378 1272 1442 regione
1289 1379 1372 1426 iter
1390 1379 1606 1436 instituit3

330 1452 404 1499 sed
424 1452 479 1498 ad
499 1451 660 1497 laevam
688 1449 735 1495 in
760 1447 1035 1496 Tricastinos
1053 1448 1205 1507 flexit3
1231 1450 1335 1496 inde
1354 1466 1432 1512 per
1458 1462 1608 1497 extre-

330 1543 452 1572 mam
475 1540 601 1570 oram
612 1521 952 1569 Vocontiorum
970 1523 1062 1586 agri
1084 1524 1271 1570 tetendit
1286 1523 1332 1569 in
1347 1524 1608 1571 Tricorios:

331 1597 453 1644 haud
477 1595 658 1659 usquam
689 1594 900 1656 impedita
925 1594 1026 1655 via,
1056 1595 1310 1660 priusquam
1338 1597 1393 1642 ad
1421 1597 1608 1643 Druen-

333 1671 440 1717 tiam
465 1669 631 1716 flumen
650 1669 872 1732 pervenit.
900 1672 938 1717 Is
962 1670 1119 1733 &ipse
1135 1671 1324 1733 Alpinus
1348 1671 1488 1718 amnis
1502 1671 1610 1718 lon-

333 1759 390 1806 ge
421 1742 623 1789 omnium
647 1742 808 1789 Galliae
838 1740 1080 1790 fluminum
1103 1741 1391 1789 difficillimus
1420 1743 1608 1790 transitu

335 1814 412 1860 cst.
447 1831 548 1865 nam
565 1850 578 1871 ,
609 1831 712 1862 cum
730 1831 857 1879 aquae
875 1814 969 1862 vim
988 1814 1123 1862 vehat
1142 1814 1365 1877 ingentem
1378 1849 1392 1873 ,
1422 1830 1519 1860 non
1536 1826 1606 1862 ta-

336 1904 441 1934 men
470 1888 649 1935 navium
671 1889 842 1951 patiens
873 1888 960 1936 est:
992 1888 1096 1953 quia
1129 1887 1262 1935 nullis
1293 1888 1514 1936 coercitus
1544 1890 1607 1936 ri-

337 1957 433 2020 pis,
469 1960 668 2020 pluribus
698 1961 859 2020 fimul,
894 1977 1042 2026 neque
1073 1961 1226 2008 iisdem
1257 1960 1396 2009 alveis
1432 1960 1606 2019 fluens,

337 2046 461 2076 nova
490 2029 658 2094 semper
683 2033 797 2103 viada
824 2033 1060 2097 novosque
1089 2032 1283 2097 gurgites
1309 2032 1504 2092 faciens,
1526 2034 1607 2094 (&

338 2102 400 2147 ob
429 2104 578 2150 eadem
611 2104 749 2166 pediti
776 2122 962 2170 quoque
989 2107 1157 2155 incerta
1192 2106 1265 2168 via
1298 2105 1389 2170 est)
1420 2107 1475 2152 ad
1509 2106 1606 2154 haec
1674 2108 1677 2111 ’

340 2172 438 2220 saxa
468 2175 658 2237 glareosa
685 2178 909 2237 volvens,
938 2178 1051 2226 nihil
1078 2179 1227 2226 stabile
1255 2195 1338 2225 nec
1363 2189 1509 2224 tutum
1535 2177 1606 2225 in-

336 2246 551 2307 gredienti
584 2248 776 2309 praebet;
805 2251 853 2297 &
885 2261 1008 2309 tum,
1038 2250 1156 2297 forte
1182 2249 1399 2296 imbribus
1426 2249 1606 2308 auslus,

337 2317 564 2380 ingentem
597 2320 1020 2384 transgredientibus
1056 2321 1293 2369 tumultum
1324 2321 1464 2379 fecit,
1504 2339 1607 2369 cum

338 2388 466 2451 super
487 2401 630 2437 cetera
654 2392 952 2454 trepidatione
973 2395 1052 2459 ipfi
1071 2394 1145 2443 sua
1163 2407 1294 2459 atque
1317 2394 1496 2443 incertis
1518 2394 1607 2442 cla-

341 2461 537 2510 moribus
564 2464 858 2513 turbarentur.
