1701 3008
1408 126 1424 134 x

294 207 386 254 230
451 189 1481 242 JO.FRE1NSHEMHSUPPLEM.;

300 300 563 352 deprehenso,
581 300 757 350 Liparam
783 296 885 337 clam
910 298 1137 346 intraverat,
1163 298 1406 350 intentusque
1426 309 1577 352 tempus

300 362 399 401 bene
426 361 599 412 gerendae
626 359 679 398 rei
707 358 963 409 exspectabat.
992 359 1110 408 Quod
1135 359 1334 400 Romanus
1357 373 1445 399 cum
1469 363 1579 413 igno-

294 432 394 461 raret
409 453 419 471 ‚
443 422 623 461 audacius
655 423 690 461 ἃ
718 420 906 459 incautius
930 419 1081 459 subiens
1103 433 1254 469 muros,
1275 421 1474 472 repentina
1497 423 1579 461 Poe-

296 497 435 524 norum
461 485 661 535 eruptione
695 483 882 523 turbatur.
923 482 1108 522 vulnerati
1137 482 1225 522 sunt
1251 483 1292 522 in
1317 497 1362 523 eo
1397 485 1580 525 conflictu

294 546 505 597 permulti,
531 546 711 585 caesorum
736 558 889 596 quoque
917 558 995 584 non
1025 546 1187 596 exiguus
1211 559 1392 586 numerus
1415 547 1501 586 fuit.

354 608 502 648 XXVI.
530 608 679 647 Interea
705 607 746 647 C.
769 607 960 657 Sulpicius
982 607 1115 646 consul
1134 607 1174 647 in
1193 609 1366 648 Sardinia
1391 621 1480 648 curn
1497 609 1582 649 Poe·
1647 599 1653 605 ⁶

297 670 357 709 nis
381 669 585 720 aliquoties
609 669 785 719 prospere
811 668 1040 708 dimicavit:
1063 676 1290 720 tantumque
1316 669 1407 709 hinc
1427 670 1580 710 acceffit

299 732 445 778 animi,
467 739 510 770 ut
535 732 702 771 Africam
729 730 853 770 versus
875 730 959 771 vela
981 731 1107 770 facere
1127 733 1295 772 auderet.
1325 732 1371 773 Id
1396 745 1486 771 vero
1510 733 1581 772 mi-

294 794 400 832 nime
424 792 624 831 ferendum
644 792 716 831 else
733 792 1061 844 Carthaginienses
1083 793 1278 842 arbitrati,
1299 792 1555 834 Hannibalem
1571 826 1584 844 ‚

297 853 363 902 qui
393 865 441 891 ex
472 852 598 892 Sicula
625 853 717 903 fuga
744 853 976 904 Carthagine
1004 854 1132 893 adhuc
1157 854 1320 905 agebat,
1346 857 1484 895 iterum
1511 868 1580 895 na-

297 914 409 953 vibus
433 913 509 952 suis
533 924 785 964 praeponunt,
812 915 1015 966 multisque
1040 918 1076 955 ἃ
1099 916 1407 966 praestantissimis
1426 917 1582 967 praefec-

299 983 428 1014 torum
453 975 643 1014 navalium
670 977 859 1026 adjunctis
873 1008 883 1024 ‚
906 977 1040 1029 claffim
1064 978 1215 1030 hostilem
1233 994 1257 1016 a
1269 979 1401 1031 patriis
1422 979 1582 1017 litoribus

302 1038 459 1090 repellere
476 1037 621 1086 jubent„
652 1037 772 1078 Solvit
799 1038 829 1077 is
858 1039 1011 1088 quidem
1032 1047 1073 1077 ut
1097 1047 1331 1090 pugnaturus
1354 1058 1363 1082 :
1386 1049 1579 1091 ceterum,

300 1115 378 1151 quo
406 1102 531 1140 minus
554 1108 842 1140 concurreretur
857 1130 868 1149 ‚
890 1099 1093 1140 interceffit
1115 1101 1336 1152 tempestas;
1370 1116 1452 1153 quae
1475 1103 1582 1141 utris-

299 1177 374 1212 que
404 1165 527 1214 gravis
549 1162 779 1202 incumbens
794 1193 804 1211 ‚
827 1163 876 1202 ad
904 1162 989 1202 loca
1016 1164 1278 1214 tranquilliora
1307 1164 1502 1205 submovit
1524 1165 1582 1203 in-

300 1227 413 1265 vitos.
441 1224 623 1263 Sardiniae
654 1233 783 1264 tamen
812 1233 947 1274 portus
977 1223 1092 1263 ambo
1119 1225 1234 1263 duces
1265 1219 1488 1264 tenuerunt(
1519 1225 1582 1265 Ibi

300 1298 391 1324 cum
419 1286 457 1325 in
481 1286 631 1324 ancoris
655 1284 839 1323 haberent
858 1275 994 1333 naves,
1017 1285 1230 1336 Sulpicius,
1251 1300 1326 1337 quo
1355 1288 1514 1327 Poenum
1538 1288 1580 1327 in

298 1356 476 1398 apertum
498 1360 601 1386 mare
618 1347 838 1397 perliceret,
854 1348 1039 1398 quosdam
1061 1349 1263 1398 subornat,
1284 1351 1348 1401 qui
1365 1351 1582 1401 transfuga-

300 1425 384 1450 rum
403 1410 528 1462 specie
552 1409 820 1461 persuaderent
837 1411 1068 1459 Hannibali,
1093 1415 1270 1451 Romanos
1294 1414 1413 1451 iterum
1429 1415 1465 1450 in
1481 1412 1582 1465 Afii„

299 1486 374 1518 cam
391 1472 569 1523 navigare.
602 1471 792 1521 Deceptus
809 1471 873 1510 ille
891 1471 970 1510 hoc·
982 1472 1220 1512 vaframento
1231 1503 1242 1522 ‚
1259 1473 1431 1512 celeriter
1445 1473 1582 1513 educta

301 1533 442 1579 classe,
479 1534 518 1572 in
547 1534 742 1574 consulem
773 1537 913 1575 idoneo
947 1535 1034 1576 loco
1067 1537 1343 1587 praestolantem
1374 1538 1581 1588 imparatus

297 1595 462 1633 incidit:
492 1595 699 1645 multaeque
724 1610 838 1635 naves
858 1592 1013 1638 'Punicae
1044 1599 1222 1649 depreffae
1242 1598 1347 1646 sunt,
1366 1599 1585 1649 priusquam

298 1658 392 1696 scire
408 1657 566 1706 possent,
590 1659 683 1708 quid
698 1670 893 1709 ageretur;
919 1674 1008 1700 cum
1032 1662 1181 1701 infidias
1200 1662 1362 1702 consulis
1384 1663 1580 1713 tempesta-

302 1720 352 1758 tis
384 1720 491 1759 favor
518 1723 554 1760 ἃ
580 1731 796 1772 opportune
824 1732 906 1763 orta
932 1724 1054 1775 caligo
1080 1725 1237 1765 texiffet.

357 1783 524 1823 XXVII.
557 1785 732 1824 Tandem
758 1799 796 1824 re
815 1786 1007 1827 intellecta
1038 1786 1188 1838 reliquae
1217 1787 1474 1837 repetiverunt
1494 1800 1585 1837 pon

304 1851 411 1892 tum,
436 1854 502 1884 aut
518 1845 556 1883 in
571 1845 661 1884 litus
679 1846 715 1885 se
735 1849 956 1896 ejecerunt3
979 1848 1031 1887 ibi
1050 1848 1353 1898 profugientibus
1375 1848 1582 1898 remigibus

305 1904 495 1956 pleraeque
508 1908 639 1947 inanes
657 1918 777 1959 captae
795 1909 888 1949 sunt.
909 1910 1100 1950 Hannibal
1120 1911 1238 1959 enirn,
1254 1910 1451 1960 desperato
1466 1910 1584 1949 teneri

302 1975 459 2016 portum
494 1969 624 2018 poffe,
656 1970 695 2008 in
721 1972 909 2020 oppidum
934 1970 1066 2011 Sulcos
1093 1972 1129 2010 se
1158 1972 1399 2012 contulerat:
1433 1971 1499 2010 ubi
1525 1971 1581 2010 se-

302 2029 449 2068 ditione
476 2039 559 2069 orta
585 2031 878 2084 comprehensus
910 2046 929 2070 a
950 2033 1343 2083 Carthaginiensibus,
1364 2033 1426 2083 qui
1445 2033 1584 2071 eodem

306 2104 354 2129 ex
387 2104 515 2141 pugna
543 2094 820 2143 confugerant,
850 2095 954 2143 quod
985 2095 1062 2148 ejus
1091 2096 1308 2133 temeritatem
1334 2095 1368 2132 6³
1396 2095 1583 2147 stultitiam

301 2153 415 2190 cladis
428 2156 501 2205 ficae
520 2155 655 2205 causam
664 2154 769 2206 fuzffi
784 2155 978 2203 dicerent,
995 2157 1178 2210 crucique·
1194 2156 1327 2195 affixus
1343 2155 1469 2205 periit.
1506 2155 1583 2194 Sed

306 2212 389 2252 haec
402 2215 562 2255 vitroria
580 2217 765 2255 Romanis
782 2217 896 2267 paulo
912 2219 994 2268 post
1008 2219 1223 2258 detrimenti
1238 2217 1458 2257 nonnullius
1474 2218 1584 2258 causa

303 2274 392 2312 fuit.
426 2288 513 2315 cum
539 2278 639 2315 enim
671 2277 819 2317 sublato
852 2278 972 2317 claffis
1002 2280 1152 2318 Punicae
1178 2287 1282 2318 metu
1311 2279 1350 2317 in
1377 2279 1583 2318 vastatione

305 2346 483 2385 agrorum
507 2339 737 2377 contemtius
757 2342 791 2379 ἃ
809 2340 974 2378 securius
991 2339 1244 2388 versarentur,
1265 2339 1470 2389 improviso
1497 2339 1583 2378 Poe-

354 2460 374 2499 S
397 2460 506 2494 XXV.
537 2461 656 2509 Polyb.
683 2476 694 2497 1
711 2489 720 2506 ,
751 2475 805 2506 24.
838 2464 983 2500 Diodor.
1007 2464 1095 2498 Flor.
1125 2476 1169 2507 2,
1194 2475 1225 2499 2.
1247 2464 1372 2501 Zona.r‚.
1400 2465 1421 2510 5
1447 2462 1572 2498 XXVI,

307 2500 411 2541 0ῐοῖΚ
434 2506 558 2542 Zonar.
