1701 3008
213 182 297 234 ΙΝ
341 184 523 236 [oe.
566 184 708 235 Lrss.
752 185 1151 237 XV111L1V.
1266 199 1361 252 243·

66 293 106 335 in
124 295 375 334 munimentis
403 295 477 335 suis
497 295 849 346 aggrediebantur:
880 295 1021 334 deinde
1046 297 1168 345 major
1184 294 1275 334 inde
1301 304 1360 334 tu-

67 356 212 397 multus
242 358 340 405 fuit,
374 359 483 409 quod.
519 359 665 408 equites
696 360 732 399 δι
757 357 980 409 elephanti,
1008 358 1112 397 unde
1150 357 1364 409 plurimum

67 420 199 459 auxilii
223 421 490 472 speraviilent‚
516 435 596 461 non
616 423 736 461 modo
764 422 910 462 nullam
932 421 1363 471 utilitatemsted-ultro

67 483 401 531 perturbationem
437 486 472 524 δε
500 483 1082 534 impedimentum„afferebant.
1117 483 1246 534 Ipsum
1269 497 1366 536 qu0÷

69 556 144 594 que
172 553 325 596 tempus
359 545 524 596 augebat
564 546 890 596 trepidationem,
921 546 1026 595 quod
1054 546 1297 597 inopinantes
1327 549 1364 587 Sc

69 618 251 657 magnam
282 618 429 658 partem
457 604 586 647 adhuc
611 607 754 658 sopitos
783 608 978 648 Romanus
1006 608 1202 648 invaserat.
1233 609 1364 660 Itaque
1401 639 1406 642 -

67 668 180 706 multi
195 668 268 708 suis
294 669 332 707 in
351 669 545 708 cubilibus
572 670 750 708 trucidati
773 670 859 708 sunt
877 682 886 709 :
912 669 1005 709 alios
1021 671 1170 722 trepida
1186 672 1278 724 fuga
1298 687 1364 724 pa-

64 727 212 777 lantes,
235 734 271 770 &
294 744 370 781 quo
402 731 437 769 se
469 731 683 781 reciperent
705 731 875 778 nescios,
896 732 1036 771 inlidiae
1057 732 1266 773 secundum
1284 735 1365 775 vias

67 792 270 832 collocata:
294 802 539 844 exceperunt.
569 793 814 834 Mercenariis
841 803 970 833 tamen
995 796 1202 836 Poenorum
1230 797 1364 849 Hispa*

66 857 126 895 nis
162 856 356 907 Gallisque
394 858 531 906 raptim
572 854 784 905 instructis,
817 859 851 897 <Sc
879 868 986 897 extra
1013 857 1157 900 vallum
1188 859 1363 902 alacriter

68 915 327 965 certantibus,
349 918 389 955 in
422 915 579 966 ancipiti
616 914 855 965 aliquamdiu
875 918 1031 957 victoria
1062 918 1160 966 fuit,
1185 919 1362 972 fugiente

68 979 147 1027 jain
169 977 322 1027 legione
348 978 484 1027 prima.
513 975 692 1026 totusque
717 976 983 1025 Romanorum
1010 981 1201 1021 exercitus
1220 982 1363 1034 impul-

69 1040 129 1080 1us
147 1041 273 1086 foret,
301 1038 337 1078 ni
359 1038 566 1086 cohortes,
582 1037 655 1077 alia
677 1051 725 1079 ex
748 1048 854 1089 parte
878 1041 1131 1093 circumgredi
1147 1045 1274 1095 juffae,
1294 1047 1363 1087 ho

67 1103 162 1143 stem
187 1102 417 1142 cedentibus
447 1103 486 1141 in
493 1102 649 1141 stantem
673 1111 891 1152 opportune
921 1116 942 1142 a
968 1113 1075 1155 tergo
1102 1119 1147 1144 κισ
1125 1107 1279 1158 t‚greffae
1303 1109 1362 1148 fo-
1397 1098 1403 1104 ’

67 1175 161 1206 'rent
194 1174 277 1204 tum
298 1167 416 1204 εῑίιηι
443 1165 507 1215 qui
533 1163 648 1215 paulo
678 1171 764 1203 ante
787 1163 918 1203 locum
948 1164 1212 1218 deseruerant,
1232 1169 1364 1210 recol-

68 1227 162 1278 ligi,
181 1229 215 1267 &
237 1227 285 1265 ad
304 1227 552 1277 repetendam
569 1239 739 1278 pugnam
765 1228 922 1266 animari
947 1237 1118 1279 potuere.
1148 1231 1210 1271 Sic
1233 1233 1363 1273 utrin-

69 1302 143 1340 que
160 1289 356 1340 impetitus
388 1288 529 1338 hostis,
554 1301 644 1329 cum
669 1289 904 1341 aliquamdiu
929 1292 1131 1333 fortissime
1149 1295 1364 1348 restitisset‚

67 1353 206 1393 cedere
239 1354 394 1392 coaehss
423 1353 488 1392 est.
1359 1402 1361 1404 -

122 1415 238 1456 XIX.
271 1415 388 1465 Quod
423 1415 493 1455 ubi
520 1415 601 1455 fieri
635 1414 967 1467 Carthaginienses
992 1418 1146 1467 videre,
1173 1423 1360 1463 continuo

68 1479 106 1519 se
129 1479 290 1529 ejiciunt
315 1478 466 1527 castris,
484 1480 518 1518 δε
539 1488 723 1518 contento
747 1480 868 1520 studio
885 1481 1052 1530 fugiunt.
1080 1484 1127 1524 Et
1146 1484 1363 1536 elephantis

66 1542 226 1594 ‘quidem
255 1539 548 1591 equitibusque,
575 1542 776 1593 postquam
800 1543 973 1594 planiora
999 1544 1085 1585 loca
1111 1549 1364 1599 attigere‚fa-

71 1603 152 1642 cilis
185 1604 219 1642 &
249 1611 353 1641 tutus
380 1611 558 1653 receptus
584 1604 685 1644 fuit:
712 1605 927 1656 peditatum
958 1607 1073 1657 paulo
1101 1608 1254 1661 longius
1279 1626 1364 1663 per.

69 1665 189 1705 secuti
211 1665 396 1714 victores,
423 1666 472 1704 ad
498 1666 616 1705 castra
645 1666 860 1718 diripienda
883 1669 1091 1710 redierunt.
1123 1673 1207 1712 Hac
1231 1687 1363 1726 pugna

68 1727 276 1770 Poenorum
314 1728 592 1778 septemdecim
625 1729 745 1769 millia
779 1731 896 1781 caesa,
926 1732 1094 1784 quinque
1118 1744 1231 1786 capta
1261 1738 1364 1777 refe-

70 1798 232 1838 runtur,
255 1802 341 1828 curn
370 1789 580 1841 elephantis
608 1791 888 1844 duodeviginti.
918 1794 1083 1835 Eventus
1110 1796 1226 1846 hujus
1253 1812 1364 1849 proe-

68 1851 114 1892 lii
135 1865 215 1890 non
238 1852 356 1890 modo
375 1860 497 1892 totam
522 1854 621 1892 circa
645 1855 721 1905 regi
727 1868 862 1904 onem,
883 1855 947 1896 sed
971 1857 1088 1897 etiam
1110 1857 1264 1910 longius
1290 1861 1363 1902 dis-

67 1913 159 1953 sitos
183 1912 349 1963 populos
374 1914 556 1953 Romanis
582 1916 825 1964 conciliavit
846 1917 1056 1969 diebusque
1083 1921 1233 1960 nonita
1261 1923 1360 1964 mul..

70 1974 120 2014 tis
141 1974 285 2026 oppida
307 1974 456 2014 circiter
481 1977 677 2027 octoginta
705 1979 742 2017 in
769 1979 886 2018 fidem
909 1993 1055 2019 venere
1086 1982 1199 2022 Unde
1218 1983 1360 2026 Poenos

69 2038 110 2076 in
127 2047 284 2087 magnas
308 2037 493 2087 angustias
524 2039 698 2078 redactos
716 2041 1002 2091 propemodum
1027 2043 1260 2085 exanimavit
1274 2059 1363 2098 cap-

69 2099 102 2137 ti
129 2112 150 2138 a
174 2098 322 2149 Regulo
348 2099 508 2139 'functis
539 2102 718 2141 nuntium
737 2132 749 2150 .‚
779 2103 879 2142 urbis
906 2114 982 2143 tam
1013 2106 1199 2154 munitae,
1219 2108 1254 2146 ἃ
1276 2121 1360 2159 quae

69 2164 121 2203 ad
146 2164 421 2204 duodecimum
443 2178 461 2203 a
487 2165 717 2215 Cartbagine
732 2167 898 2218 lapidem
919 2170 1059 2219 polita,
1086 2183 1134 2209 ne
1160 2171 1361 2213 occultum

71 2225 227 2275 quidem
261 2225 431 2266 hostibus
461 2228 592 2266 timeret
625 2229 720 2276 effe,
742 2231 929 2281 quidquid
959 2233 1010 2271 ibi
1042 2232 1171 2281 ficret,
1200 2242 1284 2274 tum
1313 2234 1362 2276 ad

68 2285 188 2336 ipsam
203 2286 334 2326 urbem
348 2319 359 2335 ‚
375 2297 456 2327 tum
476 2289 522 2326 ad
543 2301 644 2327 mare
663 2291 923 2340 propinquum
939 2300 1092 2342 patente
1115 2293 1332 2344 prospectu.

126 2349 220 2388 XX.
257 2350 392 2400 Neque
420 2350 544 2391 solum
575 2352 740 2392 Romani
770 2353 858 2393 belli
884 2365 1003 2394 terror
1032 2355 1354 2413 circumsteterat,

121 2475 143 2518 5
181 2473 303 2508 va
336 2475 459 2510 Zonar.
489 2479 610 2524 Polyb.
646 2480 668 2524 §
698 2480 789 2515 XIX.
827 2479 928 2516 Oros.
961 2494 1009 2523 4,
1046 2493 1077 2525 9.
1108 2484 1248 2529 Eun-op.
1277 2486 1301 2519 l.
1325 2493 1362 2520 2.'

75 2510 199 2553 Zonar.
229 2519 308 2553 Liv.
330 2531 396 2565 30,
420 2532 455 2565 9

1042 2574 1090 2634 Q
1118 2590 1144 2618 2
