1701 3008
327 210 417 258 392
705 188 930 236 TITI
998 189 1266 235 L1V11

323 303 460 347 minos
486 297 679 359 observat.
715 299 778 363 Ne
796 297 1006 362 transieris
1024 299 1182 344 Iberum
1198 315 1215 343 :
1242 316 1293 344 ne
1320 300 1426 360 quid
1447 301 1504 346 rei
1525 302 1605 349 tibi

308 373 374 437 fit
401 391 490 418 cum
518 372 782 433 Saguntinis.
825 372 906 415 Ad
935 372 1097 416 Iberum
1119 372 1174 438 est
1205 375 1437 434 Saguntum
1454 391 1470 419 .·
1500 376 1604 435 nus-

323 463 447 507 quam
476 460 512 489 te
541 443 704 509 vestigio
721 445 909 489 moveris.
945 445 1105 489 Parum
1123 445 1201 510 est,
1231 447 1345 505 quod
1370 449 1605 493 veterrimas

315 520 557 581 provincias
585 534 697 564 meas
723 519 917 562 Siciliam
937 514 980 563 ὃ*
995 510 1243 563 Sardiniam
1263 520 1433 564 adimis.
1474 520 1601 565 etiam

322 593 596 653 ffispanias?
627 589 670 636 δ’
701 588 985 655 inde'ceffir0‚
1021 593 1068 636 in
1098 590 1294 650 Africam
1330 593 1604 653 transcendes.

328 661 608 725 Transcendes
635 669 799 719 autem,
833 667 926 710 dico
940 665 966 710 ἓ
994 667 1100 711 duos
1119 666 1302 725 confides
1326 665 1453 722 hujus
1471 669 1603 726 anni,

322 757 451 785 unum
488 742 534 785 in
564 737 784 795 Africam,
823 741 992 783 alterum
1026 740 1072 782 in
1101 738 1359 797 Hispaniam
1395 738 1604 797 miserunt.

323 814 435 857 nilzil
461 814 634 873 usquam
665 810 787 856 nobis
812 810 989 856 relic‘lum
1008 810 1087 873 est,
1113 809 1200 873 nisi
1212 813 1325 870 quod
1351 813 1480 856 armis
1504 813 1601 860 vin-

325 888 565 932 dicaritnus.
604 887 698 931 Illis
716 885 893 930 timidis
923 881 966 929 δ’
994 886 1162 945 ignavis
1187 886 1278 928 licet
1308 881 1407 945 eff,
1443 886 1514 944 qui
1540 903 1602 930 re-

312 957 497 1019 spec‘lum
531 961 704 1013 liabent,
734 975 835 1018 quos
860 957 969 1018 suus
995 973 1113 1017 ager,
1136 955 1223 1016 sua
1250 971 1382 1012 terra,
1413 975 1490 1016 per
1512 973 1604 1002 tuta

325 1051 375 1077 ac
401 1049 560 1093 pacata
597 1035 743 1078 itinera
767 1032 1010 1094 fugientes,
1045 1033 1275 1091 accipient:
1311 1031 1428 1076 vobis
1460 1029 1602 1094 necff:

323 1106 378 1171 est
393 1105 578 1164 fortibus
597 1107 703 1151 viris
718 1102 789 1168 ff
805 1139 818 1161 ‚
841 1102 884 1150 G·
897 1138 912 1162 ,
936 1106 1127 1150 omnibus
1144 1106 1249 1149 inter
1262 1103 1474 1149 vifloriam
1493 1121 1603 1150 mor-

325 1191 450 1222 temve
478 1194 583 1224 certa
606 1180 882 1239 desperatione
906 1179 1093 1238 abruptis
1106 1212 1123 1234 ‚
1150 1191 1224 1223 aut
1241 1180 1395 1223 vincere
1414 1206 1428 1231 ,
1446 1177 1604 1242 aut‚fi

314 1249 494 1307 fortuna
523 1255 753 1310 dubitabit,
787 1255 833 1296 in
859 1254 1008 1312 proelio
1021 1253 1194 1312 potius,
1226 1269 1349 1311 quam
1383 1254 1429 1296 in
1453 1251 1567 1312 fuga
1584 1287 1601 1307 ‚

325 1340 491 1370 mortem
526 1343 713 1386 oppetere.
748 1328 801 1371 Si
832 1327 907 1370 lzoc
935 1327 1028 1371 bene
1043 1326 1186 1384 fixum
1207 1326 1398 1370 omnibus
1429 1326 1602 1390 destina-

326 1412 489 1458 tumque
508 1402 553 1444 in
573 1402 716 1445 animo
741 1400 817 1463 cst,
852 1400 996 1442 iterum
1025 1399 1162 1441 dicam
1184 1431 1198 1451 ,
1227 1396 1408 1461 vicistis:
1438 1400 1600 1442 nullum

326 1487 572 1516 momentum
602 1475 663 1516 ad
687 1472 933 1517 vincendum
958 1471 1117 1516 bomini
1146 1471 1203 1514 ab
1220 1470 1326 1514 Diis
1355 1471 1602 1514 immortali-

328 1545 403 1587 bus
436 1548 573 1590 acrius
606 1548 747 1591 datum
784 1545 846 1609 est.

391 1616 531 1663 XLV.
562 1618 641 1663 His
670 1617 1055 1664 adhortationibus
1077 1634 1180 1664 cum
1203 1617 1411 1681 utrinque
1431 1618 1486 1664 ad
1505 1635 1601 1665 cer-

330 1702 477 1735 tamen
505 1692 676 1738 accensi
694 1691 883 1738 militum
905 1691 1043 1738 animi
1064 1690 1200 1737 effent
1215 1727 1229 1749 ,
1260 1691 1457 1737 Romani
1485 1709 1599 1755 pon-

330 1771 372 1806 te
400 1760 611 1808 Ticinum
645 1761 863 1826 jungunt,
893 1762 1158 1824 tutandique
1186 1762 1336 1823 pontis
1373 1762 1498 1809 causa
1525 1781 1602 1810 ca-

330 1831 499 1878 stellum
522 1833 699 1896 insuper
727 1834 980 1897 imponunt.
1018 1836 1212 1890 Poenus,
1235 1850 1370 1897 opere
1400 1851 1600 1898 occupa-

330 1905 386 1953 tis
420 1906 649 1964 hostibus,
689 1909 992 1956 Maharbalem
1028 1925 1131 1955 cum
1169 1907 1234 1953 ala
1273 1908 1600 1968 Numidarum,

331 1976 551 2038 equitibus
583 1980 838 2043 quingentis
859 2015 873 2037 ,
916 1979 971 2025 ad
1002 1978 1338 2041 depopulandos
1372 1977 1600 2026 sociorum

332 2049 489 2110 populi
509 2051 702 2098 Romani
724 2063 855 2116 agros
872 2053 1022 2099 mittit.
1055 2051 1196 2099 Gallis
1214 2052 1336 2114 parci
1355 2069 1487 2116 quam
1506 2071 1598 2100 ma-

331 2119 449 2167 xime
473 2121 619 2182 jubet,
646 2125 990 2190 principumque
1008 2126 1180 2173 animos
1201 2125 1429 2175 sollicitari
1449 2126 1503 2172 ad
1525 2126 1599 2172 de-

332 2192 581 2243 feffionem.
600 2200 741 2244 Ponte
761 2198 980 2260 perfeEtQ
997 2199 1218 2246 tradufius
1233 2200 1459 2246 Romanus
1476 2213 1601 2244 exer-

330 2267 442 2312 citus
462 2268 506 2313 in
529 2287 681 2332 agrum
709 2271 955 2319 Insubrium
976 2308 990 2329 ‚
1015 2273 1214 2336 quinque
1239 2271 1378 2318 millia
1401 2271 1597 2333 paffuum

330 2354 352 2383 a
373 2339 638 2389 Vittumviis
666 2344 877 2392 consedit.
902 2346 965 2392 lbi
986 2345 1209 2393 Hannibal
1229 2344 1364 2392 castra
1386 2345 1595 2391 habebat:

329 2427 641 2478 revocatoque
676 2432 866 2478 propere
894 2418 1146 2464 Maharbale
1181 2431 1312 2482 atque
1345 2417 1595 2480 equitibus,
1632 2439 1637 2452 ·

331 2500 432 2533 cum
467 2486 641 2547 instare,
661 2501 883 2539 certamen
915 2504 1136 2551 cernerer,
1171 2492 1281 2540 nihil
1307 2508 1501 2555 unquam
1530 2489 1594 2536 sa-
