1701 3008
290 257 885 307 HISTORIARUM
920 259 1051 306 LIB.
1102 259 1163 306 X.
1331 276 1388 323 53

91 366 196 434 gilia
232 367 477 433 profectos.
522 367 704 415 credere
726 404 740 424 ‚
773 368 961 415 eandem
994 366 1045 413 in
1071 366 1169 414 aliis
1201 366 1388 415 urbibus

90 442 380 490 solitudinem
399 442 686 489 inventuros.
708 441 856 489 Dictis
876 439 1298 505 captivorumfides
1314 458 1392 489 ex-

91 516 234 564 stitit:
257 516 440 565 desertis
467 515 649 580 oppidis
680 515 838 562 consul
861 516 1052 577 potitur.

158 591 364 638 XXXV.
389 589 533 636 Alteri
553 588 730 637 consuli
752 590 816 636 M.
832 587 975 635 Atilio
997 605 1279 652 nequaquam
1299 599 1400 637 tam

92 661 225 712 facile
262 663 431 710 bellum
461 661 564 710 fuit.
602 663 720 710 Cum
755 661 812 708 ad
834 660 1072 708 Luceriam
1104 661 1288 709 duceret
1324 662 1393 709 le-

91 736 251 801 giones
269 771 283 793 ,
319 752 453 799 quam
486 733 745 799 oppugnari
777 734 834 781 ab
858 733 1134 781 Samnitibus
1164 735 1391 795 audierat,

24 808 28 811 “
93 810 149 857 ad
174 808 312 856 finem
340 807 614 856 Lucerinum
646 809 687 855 ei
716 807 859 854 hostis
893 807 1062 856 obvius
1096 807 1198 855 fuit.
1230 809 1294 855 ibi
1327 810 1393 856 ira

93 882 218 930 vires
246 881 460 945 aequavit.
489 881 709 928 Proelium
729 881 902 929 varium
926 882 976 928 &
995 897 1159 943 anceps
1185 879 1292 927 fuit:
1315 882 1394 928 tri-

92 957 199 1005 stius
219 969 367 1004 tamen
389 967 560 1002 eventu
586 954 840 1012 Romani53
872 955 922 1001 &
945 953 1051 1018 quia
1083 952 1246 1000 insueti
1267 966 1396 1004 erant

92 1031 256 1088 vinci,
289 1031 340 1077 &
368 1028 473 1093 quia
508 1028 806 1093 digredientes
838 1027 978 1092 magis
999 1063 1012 1085 ‚
1044 1043 1178 1089 quam
1212 1027 1260 1072 in
1293 1026 1395 1088 ipso

94 1104 372 1164 certamine,
401 1102 633 1150 senserunt
652 1138 667 1159 ,
696 1113 917 1164 quantum
949 1100 997 1147 in
1025 1099 1103 1147 sua
1135 1111 1260 1162 parte
1293 1099 1396 1162 plus

92 1177 336 1226 vulnerum
372 1193 424 1224 ac
458 1174 591 1223 caedis
620 1173 779 1221 fuisset.
817 1176 972 1236 ltaque
1005 1171 1041 1219 is
1072 1184 1222 1219 terror
1249 1172 1295 1218 in
1323 1189 1403 1220 caa>

92 1252 192 1301 stris
224 1266 377 1310 ortus,
406 1251 485 1315 qui
511 1250 543 1297 si
575 1261 828 1314 pugnantes
853 1248 1065 1311 cepisset,
1101 1247 1287 1311 insignis
1323 1263 1396 1294 ac-

92 1338 222 1391 cepta
249 1326 396 1374 clades
418 1326 555 1372 foret.
592 1326 715 1372 Tum
735 1339 924 1388 quoque
943 1320 1136 1369 sollicita
1156 1337 1253 1367 nox
1284 1319 1396 1378 fuit,

92 1399 181 1463 jam
213 1398 475 1446 invasurum
513 1397 651 1446 castra
683 1396 929 1444 Samnitem
967 1393 1252 1442 credentibus
1273 1429 1288 1452 ,
1320 1404 1397 1440 aut

90 1474 236 1537 prima
261 1473 364 1520 luce
390 1489 493 1520 cum
510 1471 765 1518 viuoribus
785 1468 1082 1518 conserendas
1104 1484 1280 1515 manus.
1306 1468 1396 1513 Mi-

91 1563 176 1593 nus
212 1547 379 1606 cladis,
404 1559 602 1594 ceterum
640 1561 735 1592 non
767 1544 868 1608 plus
899 1543 1158 1591 animorum
1177 1578 1191 1601 ,
1226 1542 1281 1589 ad
1307 1542 1397 1592 ho-

90 1619 174 1667 stes
208 1633 317 1668 erat.
357 1621 436 1668 ubi
463 1620 661 1683 primum
693 1619 873 1676 illuxit,
907 1617 1030 1666 abire
1063 1616 1156 1664 fine
1187 1615 1396 1664 certami-

93 1709 152 1740 ne
189 1693 396 1757 cupiunt.
431 1693 517 1740 Sed
553 1694 632 1739 via
663 1710 751 1739 una
772 1729 786 1750 ‚
821 1694 872 1740 &
905 1708 953 1738 ea
991 1691 1084 1755 ipsa
1117 1702 1278 1755 praeter
1308 1691 1398 1736 ho·-

94 1763 204 1823 stes,
222 1777 340 1813 erat:
363 1783 450 1830 qua
472 1765 649 1830 ingreffi
662 1801 673 1821 ,
697 1764 929 1828 praebuere
950 1763 1143 1827 speciem
1162 1763 1280 1810 resta
1300 1775 1398 1809 ten-

93 1838 297 1886 dentium
332 1839 388 1886 ad
419 1838 558 1887 castra
593 1837 916 1901 oppugnanda.
953 1835 1129 1882 Consul
1165 1852 1288 1883 arma
1311 1851 1411 1893 cans

94 1928 203 1976 pere
231 1912 395 1960 milites
419 1911 572 1975 jubet,
603 1914 652 1960 δε
685 1911 808 1975 sequi
835 1909 878 1958 se
898 1922 1025 1961 extra
1044 1908 1246 1961 vallum
1273 1909 1399 1972 lega-

93 1985 150 2033 tis
173 2021 192 2046 ,
226 1984 452 2044 tribuni-s,
484 1985 706 2050 praefeEtis
742 1983 971 2032 sociorum
1012 1983 1235 2046 imperat,
1271 1983 1400 2046 quod

95 2056 215 2122 apud
240 2075 468 2123 quemque
501 2059 620 2107 facio
654 2075 771 2123 opus
803 2057 879 2104 est.
925 2058 1101 2103 Omnes
1136 2055 1395 2116 affirmant,

82 2135 134 2197 fi
163 2137 328 2197 quidem
356 2138 501 2182 onmia
512 2136 732 2194 suffixos,
750 2136 836 2197 fid
853 2136 1037 2180 militum
1047 2132 1190 2190 jacere
1212 2137 1396 2182 animos.

94 2227 186 2258 tota
213 2213 326 2257 ηοέῗε
355 2213 462 2257 inter
490 2214 665 2257 vulnera
703 2208 746 2257 δ’
774 2212 951 2272 gemitus
983 2210 1251 2254 morientium
1286 2213 1397 2272 vigi·

95 2289 229 2332 laem-n
250 2285 336 2349 effi.
366 2288 419 2332 Si
448 2301 544 2331 ante
564 2289 691 2332 lucem
725 2286 786 2329 ad
806 2284 933 2348 castra
955 2282 1280 2340 verzmm‘foret,
1301 2300 1398 2329 tim-

96 2372 140 2404 τι
146 2377 184 2403 :n
208 2378 244 2419 ,ι
248 2379 276 2405 ι
277 2360 380 2404 πίε
395 2356 554 2422 fuistis,
581 2374 629 2403 ut
656 2355 1171 2419 reliffurisgszafueritzt:
1189 2375 1304 2402 nunc
1275 2377 1377 2487 Q.pt
1379 2383 1399 2392 «-

95 2433 194 2476 dore
222 2448 284 2488 a
336 2448 384 2488 ’.ζ”α
413 2447 654 2488 contineri,
682 2431 873 2490 (Illoqlllll
896 2448 976 2490 pro
1011 2430 1130 2475 ν17ἰ5
1155 2425 1321 2492 ssCQ
1328 2445 1396 2473 Ἶὶζῖ

96 2501 175 2548 ubi
202 2451 360 2549 consul
395 2503 601 2566 accepit,
629 2502 803 2550 {ibimet
836 2501 915 2565 ipsi
947 2501 1340 2550 circumeundos
1345 2502 1391 2544 l·

98 2573 446 2641 loquendosque
474 2576 642 2627 milites
675 2588 827 2635 ratus,
861 2588 910 2623 ut
937 2593 977 2623 a
966 2577 991 2621 l
1019 2574 1224 2638 quosque
1249 2590 1365 2622 ven:
1369 2599 1391 2608 -

1031 2649 1078 2694 D
1119 2667 1135 2707 ἢ
