1701 3008
319 162 346 175 s

303 216 384 264 IN
420 214 926 264 LOC.L113.XV
968 210 1111 263 mv,
1300 228 1389 281 179

97 324 206 379 cipes
237 325 301 365 alii
325 325 489 364 civitatis
509 323 716 363 crudeliter
737 323 941 364 interfecti.
985 324 1040 364 Eo
1068 323 1201 372 justior
1225 323 1395 364 inferen-

102 389 150 428 di.
163 386 253 428 belli
278 386 389 427 causa
411 385 516 425 visa:
539 384 744 435 miffusque
763 397 852 423 cum
881 385 1051 424 exercitu
1069 386 1119 435 Q.
1140 384 1279 425 Fabius
1306 387 1395 427 Cos.

100 461 303 488 occurrere
335 446 444 487 ausos
473 448 514 486 in
543 446 677 498 fugam
706 447 839 494 vertit,
867 459 1128 496 magnumque
1159 447 1396 498 fugientium

101 525 309 553 numerum
336 511 501 550 cecidit:
529 520 703 562 ceteros,
731 509 795 559 qui
822 510 922 549 intra
950 511 1192 550 munimenta
1219 511 1256 550 se
1286 525 1398 551 rece-

101 585 268 630 perant,
303 577 395 615 afris
433 575 614 626 operibus
648 587 874 625 oppugnare
908 574 1078 615 instituit.
1113 578 1188 616 Sed
1219 577 1292 617 illis
1319 593 1400 619 non

102 640 270 691 segniter
292 639 566 687 resistentibus,
580 651 670 678 cum
691 637 810 685 levia,
833 647 876 676 ut
891 637 1009 688 solet,
1025 642 1236 680 certamina
1261 643 1398 683 crebro

106 702 266 750 fierent,
297 699 457 749 consul,
483 700 578 738 dum
605 699 796 739 incautius
825 698 922 737 inter
948 699 1022 739 tela
1050 701 1240 749 versatur,
1261 703 1400 745 vulnus

111 764 286 815 accepit,
308 764 345 802 &
367 763 406 800 in
431 763 514 811 eJ‘us
544 761 684 812 deinde
709 760 906 800 curatione
930 761 1098 801 decessit.
1125 763 1293 812 Obsessi,
1313 764 1402 804 casu

106 837 159 864 eo
183 825 364 876 cognito,
387 823 630 873 eruptionem
656 821 818 862 summis
840 821 984 862 viribus
1009 822 1134 863 fecere
1150 856 1162 872 ‚
1179 824 1371 875 sperantes
1386 854 1400 874 ,

107 887 319 927 exercitum
355 886 510 925 interitu
536 886 645 925 ducis
674 885 892 936 turbatum,
918 885 944 926 fi
969 886 1096 927 subito
1130 888 1401 939 invaderetur,

111 941 354 990 {moenibus
379 948 601 989 submoveri
629 950 746 1000 poffe.

165 1012 292 1053 XVII.
325 1013 608 1052 Verumtamen
635 1024 794 1052 eventus
827 1013 955 1064 proelii
988 1022 1123 1053 contra
1157 1015 1299 1056 dedit:
1334 1027 1403 1056 ex-

109 1077 214 1128 cepti
245 1075 424 1115 ferociter
451 1090 471 1115 a
497 1075 684 1116 militibus
716 1077 925 1124 Romanis,
958 1079 994 1117 Sc
1018 1079 1057 1116 in
1091 1078 1226 1117 urbem
1259 1079 1403 1119 iterum

110 1150 203 1177 cum
227 1137 336 1178 clude
364 1137 551 1188 compulfi
579 1137 677 1177 sunt.
715 1138 817 1178 Huic
841 1151 912 1189 ego
942 1152 1080 1190 pugnae
1110 1140 1275 1180 Decium
1302 1142 1404 1182 Mu-

111 1215 193 1241 rem
218 1201 409 1253 praefuisi'e
432 1200 690 1241 crediderim:
714 1200 780 1241 hic
805 1204 909 1241 enim
929 1202 1078 1254 legatus
1102 1205 1175 1244 effe
1201 1205 1316 1244 fabio
1331 1238 1341 1255 ,
1361 1208 1399 1246 Sc

111 1266 196 1317 post
213 1278 348 1305 necem
375 1266 484 1314 ejus,
502 1264 627 1303 donec
650 1263 837 1304 successor
860 1268 1036 1316 veniret,
1066 1268 1212 1308 bellum
1239 1270 1401 1310 admini-

109 1330 224 1370 strare
246 1329 386 1380 potuit.
415 1337 529 1378 atque
550 1328 641 1367 inde
663 1328 736 1367 effe
758 1341 864 1376 reor,
887 1330 992 1379 quod
1020 1332 1123 1380 apud
1149 1332 1402 1383 negligentio-

111 1406 172 1434 res
194 1392 394 1432 historicos
410 1422 421 1440 ,
444 1391 682 1431 Volsiniensis
710 1392 800 1431 belli
827 1393 946 1443 coepti
973 1393 1146 1444 finirique
1174 1395 1306 1434 titulus
1324 1396 1404 1435 De-

110 1460 172 1498 cio
189 1457 292 1498 Muri
322 1456 537 1507 adscriptus
561 1456 624 1495 est.
665 1455 848 1496 Censores
880 1470 926 1496 eo
954 1471 1054 1497 anno
1077 1460 1192 1498 creati
1219 1460 1289 1499 Cn.
1313 1459 1403 1499 Cor-v

112 1518 235 1559 nelius
261 1517 300 1558 L.
326 1507 367 1557 F.
400 1516 468 1557 Cn.
499 1517 548 1556 N.
571 1515 719 1565 Blasio,
747 1518 783 1556 ἃ
810 1516 852 1556 C.
878 1517 1073 1568 Marcius,
1095 1518 1158 1570 qui
1179 1532 1267 1558 cum
1292 1530 1402 1560 antea

113 1594 267 1633 quoque
297 1580 496 1620 censuram
525 1579 708 1630 gestisset,
734 1579 773 1619 in
798 1579 874 1619 hoc
905 1582 1050 1621 honore
1084 1583 1312 1623 Censorinus
1337 1598 1402 1634 up-

114 1644 277 1696 pellatus
304 1644 367 1684 est.
397 1641 664 1683 Memorabilis
684 1642 798 1693 hujus
816 1644 953 1684 Marcii
976 1646 1189 1685 moderatio
1218 1647 1316 1695 fuit,
1338 1646 1403 1697 qui

116 1715 276 1757 accepta
302 1705 510 1756 potestate,
534 1718 650 1755 quam
673 1719 750 1745 non
774 1706 1009 1753 ambiverat,
1028 1708 1215 1758 populum
1242 1710 1290 1748 ad
1312 1722 1403 1749 con-

113 1770 267 1809 cionem
299 1777 480 1807 vocatum
516 1766 727 1818 graviffima
759 1769 932 1807 oratione
963 1770 1182 1820 increpuit,
1212 1774 1306 1823 quod
1331 1787 1404 1810 ma-

111 1832 287 1884 gistratum
303 1830 399 1868 illum
422 1831 476 1868 bis
492 1831 598 1868 eidem
614 1828 843 1880 matzdawffiz
857 1861 867 1877 ,
882 1830 983 1880 cssjus
1003 1843 1155 1884 tempora
1172 1862 1182 1879 ⁷
1196 1848 1266 1871 non
1292 1834 1399 1871 aliam

114 1894 158 1932 ob
181 1893 342 1944 cufim,
370 1906 472 1943 quam
488 1893 571 1944 quia
595 1893 702 1930 nimia
719 1893 870 1944 potessas
890 1891 967 1944 ejus
983 1892 1084 1944 cffit
1107 1897 1313 1932 coarci'anda
1332 1897 1403 1946 sthi

115 1952 493 2008 majoresjudicaffi’n..
520 1954 616 1994 Inde
631 1955 803 2005 prosena
823 1954 885 1994 lex
901 1955 966 2003 est,
983 1967 1055 2005 qua
1073 1967 1254 2006 cautum,
1271 1959 1404 2010 nequis

121 2018 251 2070 Censor
276 2018 396 2054 iterum
416 2017 527 2066 fieret.

172 2078 315 2119 XVIII.
350 2079 491 2118 Eodem
514 2090 614 2117 anno
640 2078 879 2128 Quaestorum
903 2092 1083 2118 numerus
1109 2079 1311 2130 ampliatus
1336 2082 1401 2123 cst.

118 2144 294 2193 Quatuor
309 2141 492 2180 hactenus
510 2139 758 2181 suffecerant:
783 2142 915 2180 urbani
938 2143 1014 2181 duo
1034 2156 1041 2181 z
1072 2143 1236 2182 totidem
1258 2144 1305 2182 ad
1324 2143 1404 2183 bel-

115 2205 199 2245 lum
229 2206 455 2244 exeuntibus
493 2204 712 2244 consulibus
743 2205 1062 2255 adjungebantur.
1100 2206 1176 2247 Sed
1215 2208 1401 2257 proximis

118 2267 265 2318 aliquot
293 2269 428 2317 annis,
455 2270 565 2307 aneta
597 2269 780 2316 majorem
811 2269 848 2306 in
875 2270 1034 2308 modum
1064 2268 1291 2319 republica,
1320 2282 1405 2307 vcc-

119 2330 372 2382 tigalibusque
407 2343 451 2371 ac
492 2333 672 2383 portoriis
708 2330 836 2370 multis
875 2332 1176 2379 accedentibus,
1216 2330 1406 2382 duplicari

122 2406 326 2432 numerum
354 2393 464 2432 istum
488 2393 635 2433 neccffe
655 2393 742 2432 fuit.
774 2394 919 2444 Appius
943 2394 1083 2433 deinde
1107 2394 1314 2441 Claudius,
1340 2393 1407 2444 qui

174 2514 196 2558 {5
217 2512 396 2545 XV1.Jul.
425 2512 548 2557 Obse.q
572 2514 612 2546 de
634 2514 763 2556 ρνοάὶςζ.
781 2525 808 2544 c.
830 2522 881 2552 27.
910 2513 930 2553 β
961 2513 1068 2545 XVII.
1095 2514 1186 2545 Auel.
1204 2513 1242 2546 de
1264 2512 1333 2548 Νᾛίῐ
1358 2512 1407 2543 'in

122 2570 151 2593 c.
180 2559 232 2604 36
260 2559 376 2591 Mai-m.
405 2558 859 2601 Capitol.Valer.M.1x.-,;
887 2568 974 2602 1,'3.
1052 2604 1100 2646 λι
1128 2618 1150 2647 2
