<?xml version="1.0" encoding="UTF-8"?>
<!DOCTYPE html PUBLIC "-//W3C//DTD XHTML 1.0 Transitional//EN"
    "http://www.w3.org/TR/xhtml1/DTD/xhtml1-transitional.dtd">
<html xmlns="http://www.w3.org/1999/xhtml" xml:lang="en" lang="en">
 <head>
  <title>
</title>
<meta http-equiv="Content-Type" content="text/html;charset=utf-8" />
  <meta name='ocr-system' content='tesseract 3.04.00' />
  <meta name='ocr-capabilities' content='ocr_page ocr_carea ocr_par ocr_line ocrx_word'/>
</head>
<body>
  <div class='ocr_page' id='page_1' title='image "./historiarumlibri03livyuoft_0183.png"; bbox 0 0 1701 3008; ppageno 0'>
   <div class='ocr_carea' id='block_1_1' title="bbox 292 185 1386 249">
    <p class='ocr_par' dir='ltr' id='par_1_1' title="bbox 292 185 1386 249">
     <span class='ocr_line' id='line_1_1' title="bbox 292 185 1386 249; baseline -0.007 -11"><span class='ocrx_word' id='word_1_1' title='bbox 292 190 374 238; x_wconf 87' lang='lat' dir='ltr'>IN</span> <span class='ocrx_word' id='word_1_2' title='bbox 421 187 598 236; x_wconf 90' lang='lat' dir='ltr'>LOC.</span> <span class='ocrx_word' id='word_1_3' title='bbox 642 185 782 233; x_wconf 91' lang='lat' dir='ltr'>LlB.</span> <span class='ocrx_word' id='word_1_4' title='bbox 825 185 936 233; x_wconf 92' lang='lat' dir='ltr'>XV</span> <span class='ocrx_word' id='word_1_5' title='bbox 983 185 1135 232; x_wconf 76' lang='lat' dir='ltr'>LIV.</span> <span class='ocrx_word' id='word_1_6' title='bbox 1300 198 1386 249; x_wconf 80' lang='lat'>175</span> 
     </span>
    </p>
   </div>
   <div class='ocr_carea' id='block_1_2' title="bbox 98 291 1409 1409">
    <p class='ocr_par' dir='ltr' id='par_1_2' title="bbox 98 291 1392 414">
     <span class='ocr_line' id='line_1_2' title="bbox 98 291 1392 346; baseline -0.006 -7"><span class='ocrx_word' id='word_1_7' title='bbox 98 311 167 338; x_wconf 66' lang='lat' dir='ltr'>tem</span> <span class='ocrx_word' id='word_1_8' title='bbox 195 299 306 338; x_wconf 75' lang='lat' dir='ltr'>locum</span> <span class='ocrx_word' id='word_1_9' title='bbox 330 299 382 336; x_wconf 84' lang='lat' dir='ltr'>ad</span> <span class='ocrx_word' id='word_1_10' title='bbox 404 297 634 336; x_wconf 82' lang='lat' dir='ltr'>habitandum</span> <span class='ocrx_word' id='word_1_11' title='bbox 655 295 693 333; x_wconf 86' lang='lat' dir='ltr'>in</span> <span class='ocrx_word' id='word_1_12' title='bbox 718 293 903 333; x_wconf 72' lang='lat' dir='ltr'>Aventino</span> <span class='ocrx_word' id='word_1_13' title='bbox 931 293 1019 332; x_wconf 86' lang='lat' dir='ltr'>colle</span> <span class='ocrx_word' id='word_1_14' title='bbox 1045 291 1235 346; x_wconf 82' lang='lat' dir='ltr'>affignari‚</span> <span class='ocrx_word' id='word_1_15' title='bbox 1257 293 1293 332; x_wconf 61' lang='grc' dir='ltr'>δ’</span> <span class='ocrx_word' id='word_1_16' title='bbox 1306 306 1392 346; x_wconf 71' lang='lat' dir='ltr'>prce·</span> 
     </span>
     <span class='ocr_line' id='line_1_3' title="bbox 99 357 568 414; baseline -0.004 -15"><span class='ocrx_word' id='word_1_17' title='bbox 99 362 164 399; x_wconf 81' lang='lat' dir='ltr'>dia</span> <span class='ocrx_word' id='word_1_18' title='bbox 186 362 258 414; x_wconf 82' lang='lat' dir='ltr'>sua</span> <span class='ocrx_word' id='word_1_19' title='bbox 282 359 433 414; x_wconf 78' lang='lat' dir='ltr'>restitui,</span> <span class='ocrx_word' id='word_1_20' title='bbox 455 357 568 408; x_wconf 81' lang='lat' dir='ltr'>J&#39;uffit.</span> 
     </span>
    </p>

    <p class='ocr_par' dir='ltr' id='par_1_3' title="bbox 102 415 1409 1409">
     <span class='ocr_line' id='line_1_4' title="bbox 158 415 1394 469; baseline -0.008 -4"><span class='ocrx_word' id='word_1_21' title='bbox 158 424 232 464; x_wconf 90' lang='lat' dir='ltr'>IX.</span> <span class='ocrx_word' id='word_1_22' title='bbox 262 424 309 464; x_wconf 87' lang='lat' dir='ltr'>At</span> <span class='ocrx_word' id='word_1_23' title='bbox 337 421 541 463; x_wconf 75' lang='lat' dir='ltr'>Picentinae</span> <span class='ocrx_word' id='word_1_24' title='bbox 566 420 736 461; x_wconf 70' lang='lat' dir='ltr'>vic&#39;toriae</span> <span class='ocrx_word' id='word_1_25' title='bbox 768 420 892 468; x_wconf 85' lang='lat' dir='ltr'>majus</span> <span class='ocrx_word' id='word_1_26' title='bbox 918 416 1102 469; x_wconf 87' lang='lat' dir='ltr'>gaudium</span> <span class='ocrx_word' id='word_1_27' title='bbox 1130 416 1232 456; x_wconf 85' lang='lat' dir='ltr'>fuit:</span> <span class='ocrx_word' id='word_1_28' title='bbox 1261 415 1394 467; x_wconf 86' lang='lat' dir='ltr'>resque</span> 
     </span>
     <span class='ocr_line' id='line_1_5' title="bbox 104 479 1396 537; baseline -0.005 -11"><span class='ocrx_word' id='word_1_29' title='bbox 104 488 221 537; x_wconf 83' lang='lat' dir='ltr'>digna</span> <span class='ocrx_word' id='word_1_30' title='bbox 245 485 346 534; x_wconf 80' lang='lat' dir='ltr'>visa,</span> <span class='ocrx_word' id='word_1_31' title='bbox 374 498 456 536; x_wconf 87' lang='lat' dir='ltr'>quae</span> <span class='ocrx_word' id='word_1_32' title='bbox 485 484 649 524; x_wconf 85' lang='lat' dir='ltr'>denariis</span> <span class='ocrx_word' id='word_1_33' title='bbox 676 481 867 533; x_wconf 83' lang='lat' dir='ltr'>argenteis</span> <span class='ocrx_word' id='word_1_34' title='bbox 895 493 1016 531; x_wconf 89' lang='lat' dir='ltr'>nuper</span> <span class='ocrx_word' id='word_1_35' title='bbox 1043 479 1135 519; x_wconf 88' lang='lat' dir='ltr'>cudi</span> <span class='ocrx_word' id='word_1_36' title='bbox 1159 481 1298 532; x_wconf 87' lang='lat' dir='ltr'>coeptis</span> <span class='ocrx_word' id='word_1_37' title='bbox 1316 480 1396 519; x_wconf 88' lang='lat' dir='ltr'>im-</span> 
     </span>
     <span class='ocr_line' id='line_1_6' title="bbox 102 542 1398 600; baseline -0.005 -12"><span class='ocrx_word' id='word_1_38' title='bbox 102 548 249 600; x_wconf 79' lang='lat' dir='ltr'>press&#39;a,</span> <span class='ocrx_word' id='word_1_39' title='bbox 270 550 305 588; x_wconf 69' lang='grc' dir='ltr'>δε</span> <span class='ocrx_word' id='word_1_40' title='bbox 322 546 498 598; x_wconf 89' lang='lat' dir='ltr'>pluribus</span> <span class='ocrx_word' id='word_1_41' title='bbox 520 545 647 586; x_wconf 86' lang='lat' dir='ltr'>statim</span> <span class='ocrx_word' id='word_1_42' title='bbox 666 542 945 592; x_wconf 80' lang='lat' dir='ltr'>innotelceret,</span> <span class='ocrx_word' id='word_1_43' title='bbox 964 544 1000 582; x_wconf 69' lang='grc' dir='ltr'>δε</span> <span class='ocrx_word' id='word_1_44' title='bbox 1016 543 1066 581; x_wconf 85' lang='lat' dir='ltr'>ad</span> <span class='ocrx_word' id='word_1_45' title='bbox 1083 543 1309 582; x_wconf 85' lang='lat' dir='ltr'>memoriam</span> <span class='ocrx_word' id='word_1_46' title='bbox 1325 542 1398 582; x_wconf 90' lang='lat' dir='ltr'>ser-</span> 
     </span>
     <span class='ocr_line' id='line_1_7' title="bbox 102 605 1402 661; baseline -0.004 -11"><span class='ocrx_word' id='word_1_47' title='bbox 102 619 257 650; x_wconf 77' lang='lat' dir='ltr'>varetur</span> <span class='ocrx_word' id='word_1_48' title='bbox 291 609 530 661; x_wconf 84' lang='lat' dir='ltr'>posteritatis.</span> <span class='ocrx_word' id='word_1_49' title='bbox 579 608 772 648; x_wconf 83' lang='lat' dir='ltr'>Nummos</span> <span class='ocrx_word' id='word_1_50' title='bbox 806 605 940 645; x_wconf 87' lang='lat' dir='ltr'>Picum</span> <span class='ocrx_word' id='word_1_51' title='bbox 973 605 1310 655; x_wconf 76' lang='lat' dir='ltr'>repraesentantes,</span> <span class='ocrx_word' id='word_1_52' title='bbox 1335 606 1402 646; x_wconf 87' lang='lat' dir='ltr'>Sa-</span> 
     </span>
     <span class='ocr_line' id='line_1_8' title="bbox 106 666 1401 723; baseline -0.004 -11"><span class='ocrx_word' id='word_1_53' title='bbox 106 673 210 712; x_wconf 77' lang='lat' dir='ltr'>turni</span> <span class='ocrx_word' id='word_1_54' title='bbox 233 671 356 711; x_wconf 88' lang='lat' dir='ltr'>filium</span> <span class='ocrx_word' id='word_1_55' title='bbox 383 676 505 723; x_wconf 76' lang='lat' dir='ltr'>(nam</span> <span class='ocrx_word' id='word_1_56' title='bbox 529 669 560 707; x_wconf 89' lang='lat' dir='ltr'>is</span> <span class='ocrx_word' id='word_1_57' title='bbox 585 667 708 719; x_wconf 85' lang='lat' dir='ltr'>gentis</span> <span class='ocrx_word' id='word_1_58' title='bbox 725 669 857 706; x_wconf 60' lang='lat' dir='ltr'>auctor</span> <span class='ocrx_word' id='word_1_59' title='bbox 873 666 1070 716; x_wconf 85' lang='lat' dir='ltr'>creditur)</span> <span class='ocrx_word' id='word_1_60' title='bbox 1091 668 1127 706; x_wconf 66' lang='grc' dir='ltr'>ἃ</span> <span class='ocrx_word' id='word_1_61' title='bbox 1142 666 1189 706; x_wconf 86' lang='lat' dir='ltr'>ab</span> <span class='ocrx_word' id='word_1_62' title='bbox 1206 666 1278 706; x_wconf 85' lang='lat' dir='ltr'>alia</span> <span class='ocrx_word' id='word_1_63' title='bbox 1294 676 1401 718; x_wconf 84' lang='lat' dir='ltr'>parte</span> 
     </span>
     <span class='ocr_line' id='line_1_9' title="bbox 108 728 1398 783; baseline -0.005 -8"><span class='ocrx_word' id='word_1_64' title='bbox 108 735 287 775; x_wconf 83' lang='lat' dir='ltr'>dextram</span> <span class='ocrx_word' id='word_1_65' title='bbox 318 746 340 772; x_wconf 90' lang='lat' dir='ltr'>a</span> <span class='ocrx_word' id='word_1_66' title='bbox 367 731 584 783; x_wconf 86' lang='lat' dir='ltr'>magistratu</span> <span class='ocrx_word' id='word_1_67' title='bbox 616 729 793 770; x_wconf 85' lang='lat' dir='ltr'>Romano</span> <span class='ocrx_word' id='word_1_68' title='bbox 811 730 1038 780; x_wconf 59' lang='lat' dir='ltr'>porrectam</span> <span class='ocrx_word' id='word_1_69' title='bbox 1071 728 1328 780; x_wconf 80' lang='lat' dir='ltr'><strong>supplicanti,</strong></span> <span class='ocrx_word' id='word_1_70' title='bbox 1349 743 1398 769; x_wconf 68' lang='lat' dir='ltr'>ex</span> 
     </span>
     <span class='ocr_line' id='line_1_10' title="bbox 107 790 1399 842; baseline -0.005 -5"><span class='ocrx_word' id='word_1_71' title='bbox 107 794 433 838; x_wconf 65' lang='lat' dir='ltr'>senatusconsulto</span> <span class='ocrx_word' id='word_1_72' title='bbox 451 793 654 833; x_wconf 88' lang='lat' dir='ltr'>cudendos</span> <span class='ocrx_word' id='word_1_73' title='bbox 677 791 820 830; x_wconf 78' lang='lat' dir='ltr'>curavit</span> <span class='ocrx_word' id='word_1_74' title='bbox 847 791 898 842; x_wconf 82' lang='lat' dir='ltr'>Q.</span> <span class='ocrx_word' id='word_1_75' title='bbox 917 790 1104 830; x_wconf 79' lang='lat' dir='ltr'>Caedicius</span> <span class='ocrx_word' id='word_1_76' title='bbox 1123 791 1261 842; x_wconf 77' lang='lat' dir='ltr'>Quinti</span> <span class='ocrx_word' id='word_1_77' title='bbox 1287 791 1399 831; x_wconf 81' lang='lat' dir='ltr'>filius.</span> 
     </span>
     <span class='ocr_line' id='line_1_11' title="bbox 108 852 1401 905; baseline -0.005 -6"><span class='ocrx_word' id='word_1_78' title='bbox 108 861 159 901; x_wconf 91' lang='lat' dir='ltr'>Et</span> <span class='ocrx_word' id='word_1_79' title='bbox 189 868 291 898; x_wconf 87' lang='lat' dir='ltr'>certe</span> <span class='ocrx_word' id='word_1_80' title='bbox 322 857 560 897; x_wconf 83' lang='lat' dir='ltr'>luculentam</span> <span class='ocrx_word' id='word_1_81' title='bbox 589 869 635 894; x_wconf 90' lang='lat' dir='ltr'>ea</span> <span class='ocrx_word' id='word_1_82' title='bbox 667 863 782 905; x_wconf 85' lang='lat' dir='ltr'>gente</span> <span class='ocrx_word' id='word_1_83' title='bbox 812 861 949 904; x_wconf 85' lang='lat' dir='ltr'>pacata</span> <span class='ocrx_word' id='word_1_84' title='bbox 979 853 1116 892; x_wconf 87' lang='lat' dir='ltr'>virium</span> <span class='ocrx_word' id='word_1_85' title='bbox 1147 852 1401 892; x_wconf 85' lang='lat' dir='ltr'>accessionem</span> 
     </span>
     <span class='ocr_line' id='line_1_12' title="bbox 108 906 1403 966; baseline -0.006 -4"><span class='ocrx_word' id='word_1_86' title='bbox 108 922 254 962; x_wconf 64' lang='lat' dir='ltr'>factam</span> <span class='ocrx_word' id='word_1_87' title='bbox 286 919 349 960; x_wconf 89' lang='lat' dir='ltr'>vel</span> <span class='ocrx_word' id='word_1_88' title='bbox 372 919 464 959; x_wconf 89' lang='lat' dir='ltr'>inde</span> <span class='ocrx_word' id='word_1_89' title='bbox 492 917 664 957; x_wconf 88' lang='lat' dir='ltr'>constare</span> <span class='ocrx_word' id='word_1_90' title='bbox 697 915 848 966; x_wconf 81' lang='lat' dir='ltr'>potest,</span> <span class='ocrx_word' id='word_1_91' title='bbox 876 914 981 965; x_wconf 88' lang='lat' dir='ltr'>quod</span> <span class='ocrx_word' id='word_1_92' title='bbox 1006 906 1177 953; x_wconf 65' lang='lat' dir='ltr'>trecen&#39;ta</span> <span class='ocrx_word' id='word_1_93' title='bbox 1204 913 1403 965; x_wconf 79' lang='lat' dir='ltr'>sexaginta</span> 
     </span>
     <span class='ocr_line' id='line_1_13' title="bbox 112 975 1406 1028; baseline -0.008 -4"><span class='ocrx_word' id='word_1_94' title='bbox 112 977 328 1026; x_wconf 81' lang='lat' dir='ltr'>Picentium</span> <span class='ocrx_word' id='word_1_95' title='bbox 355 980 479 1020; x_wconf 88' lang='lat' dir='ltr'>millia</span> <span class='ocrx_word' id='word_1_96' title='bbox 508 981 549 1020; x_wconf 91' lang='lat' dir='ltr'>in</span> <span class='ocrx_word' id='word_1_97' title='bbox 574 978 693 1018; x_wconf 84' lang='lat' dir='ltr'>fidem</span> <span class='ocrx_word' id='word_1_98' title='bbox 723 976 860 1028; x_wconf 86' lang='lat' dir='ltr'>populi</span> <span class='ocrx_word' id='word_1_99' title='bbox 891 976 1056 1017; x_wconf 82' lang='lat' dir='ltr'>Romani</span> <span class='ocrx_word' id='word_1_100' title='bbox 1080 975 1219 1015; x_wconf 84' lang='lat' dir='ltr'>veniffe</span> <span class='ocrx_word' id='word_1_101' title='bbox 1240 977 1406 1016; x_wconf 82' lang='lat' dir='ltr'>tradun-</span> 
     </span>
     <span class='ocr_line' id='line_1_14' title="bbox 109 1041 1404 1094; baseline -0.005 -7"><span class='ocrx_word' id='word_1_102' title='bbox 109 1055 185 1086; x_wconf 79' lang='lat' dir='ltr'>tur.</span> <span class='ocrx_word' id='word_1_103' title='bbox 208 1047 263 1087; x_wconf 91' lang='lat' dir='ltr'>Eo</span> <span class='ocrx_word' id='word_1_104' title='bbox 281 1045 385 1085; x_wconf 82' lang='lat' dir='ltr'>bello</span> <span class='ocrx_word' id='word_1_105' title='bbox 408 1042 650 1094; x_wconf 87' lang='lat' dir='ltr'>triumphum</span> <span class='ocrx_word' id='word_1_106' title='bbox 672 1041 846 1081; x_wconf 86' lang='lat' dir='ltr'>consules</span> <span class='ocrx_word' id='word_1_107' title='bbox 870 1049 1091 1079; x_wconf 87' lang='lat' dir='ltr'>meruerunt</span> <span class='ocrx_word' id='word_1_108' title='bbox 1115 1041 1404 1091; x_wconf 83' lang='lat' dir='ltr'>duxeruntque:</span> 
     </span>
     <span class='ocr_line' id='line_1_15' title="bbox 109 1103 1408 1162; baseline -0.005 -12"><span class='ocrx_word' id='word_1_109' title='bbox 109 1110 317 1162; x_wconf 76' lang='lat' dir='ltr'>insigniore</span> <span class='ocrx_word' id='word_1_110' title='bbox 343 1118 477 1148; x_wconf 83' lang='lat' dir='ltr'>tamen</span> <span class='ocrx_word' id='word_1_111' title='bbox 511 1108 550 1148; x_wconf 90' lang='lat' dir='ltr'>P.</span> <span class='ocrx_word' id='word_1_112' title='bbox 576 1107 791 1157; x_wconf 79' lang='lat' dir='ltr'>Sempronii</span> <span class='ocrx_word' id='word_1_113' title='bbox 814 1105 932 1157; x_wconf 82' lang='lat' dir='ltr'>gloria</span> <span class='ocrx_word' id='word_1_114' title='bbox 948 1135 958 1154; x_wconf 81' lang='lat'>,</span> <span class='ocrx_word' id='word_1_115' title='bbox 982 1104 1087 1155; x_wconf 88' lang='lat' dir='ltr'>quod</span> <span class='ocrx_word' id='word_1_116' title='bbox 1112 1103 1288 1143; x_wconf 85' lang='lat' dir='ltr'>adversus</span> <span class='ocrx_word' id='word_1_117' title='bbox 1315 1104 1408 1144; x_wconf 81' lang='lat' dir='ltr'>vali-</span> 
     </span>
     <span class='ocr_line' id='line_1_16' title="bbox 115 1166 1407 1220; baseline -0.005 -8"><span class='ocrx_word' id='word_1_118' title='bbox 115 1174 243 1212; x_wconf 86' lang='lat' dir='ltr'>diores</span> <span class='ocrx_word' id='word_1_119' title='bbox 268 1170 437 1211; x_wconf 84' lang='lat' dir='ltr'>hostium</span> <span class='ocrx_word' id='word_1_120' title='bbox 467 1169 622 1220; x_wconf 80' lang='lat' dir='ltr'>copias,</span> <span class='ocrx_word' id='word_1_121' title='bbox 647 1166 898 1219; x_wconf 87' lang='lat' dir='ltr'>periculoque</span> <span class='ocrx_word' id='word_1_122' title='bbox 921 1168 956 1206; x_wconf 74' lang='grc' dir='ltr'>δι</span> <span class='ocrx_word' id='word_1_123' title='bbox 987 1167 1239 1205; x_wconf 87' lang='lat' dir='ltr'>contentione</span> <span class='ocrx_word' id='word_1_124' title='bbox 1261 1168 1407 1215; x_wconf 84' lang='lat' dir='ltr'>majore</span> 
     </span>
     <span class='ocr_line' id='line_1_17' title="bbox 114 1227 1408 1281; baseline -0.004 -8"><span class='ocrx_word' id='word_1_125' title='bbox 114 1242 337 1273; x_wconf 82' lang='lat' dir='ltr'>certaverat.</span> <span class='ocrx_word' id='word_1_126' title='bbox 379 1233 454 1272; x_wconf 85' lang='lat' dir='ltr'>Res</span> <span class='ocrx_word' id='word_1_127' title='bbox 482 1232 584 1270; x_wconf 88' lang='lat' dir='ltr'>enim</span> <span class='ocrx_word' id='word_1_128' title='bbox 611 1230 831 1281; x_wconf 85' lang='lat' dir='ltr'>prodigiosa</span> <span class='ocrx_word' id='word_1_129' title='bbox 859 1238 943 1269; x_wconf 91' lang='lat' dir='ltr'>tum</span> <span class='ocrx_word' id='word_1_130' title='bbox 972 1228 1136 1274; x_wconf 78' lang='lat' dir='ltr'>accidit,</span> <span class='ocrx_word' id='word_1_131' title='bbox 1164 1235 1208 1267; x_wconf 89' lang='lat' dir='ltr'>ut</span> <span class='ocrx_word' id='word_1_132' title='bbox 1228 1227 1408 1268; x_wconf 66' lang='lat' dir='ltr'>instructa</span> 
     </span>
     <span class='ocr_line' id='line_1_18' title="bbox 114 1290 1409 1348; baseline -0.008 -11"><span class='ocrx_word' id='word_1_133' title='bbox 114 1299 293 1348; x_wconf 83' lang='lat' dir='ltr'>utrinque</span> <span class='ocrx_word' id='word_1_134' title='bbox 317 1296 425 1342; x_wconf 85' lang='lat' dir='ltr'>acie,</span> <span class='ocrx_word' id='word_1_135' title='bbox 451 1293 520 1333; x_wconf 91' lang='lat' dir='ltr'>sub</span> <span class='ocrx_word' id='word_1_136' title='bbox 542 1292 667 1344; x_wconf 88' lang='lat' dir='ltr'>ipsum</span> <span class='ocrx_word' id='word_1_137' title='bbox 690 1291 964 1332; x_wconf 87' lang='lat' dir='ltr'>committendi</span> <span class='ocrx_word' id='word_1_138' title='bbox 985 1290 1110 1341; x_wconf 88' lang='lat' dir='ltr'>proelii</span> <span class='ocrx_word' id='word_1_139' title='bbox 1133 1298 1286 1340; x_wconf 83' lang='lat' dir='ltr'>tempus</span> <span class='ocrx_word' id='word_1_140' title='bbox 1303 1321 1315 1339; x_wconf 81' lang='lat'>,</span> <span class='ocrx_word' id='word_1_141' title='bbox 1334 1298 1409 1329; x_wconf 78' lang='lat' dir='ltr'>ter-</span> 
     </span>
     <span class='ocr_line' id='line_1_19' title="bbox 114 1360 528 1409; baseline -0.012 -9"><span class='ocrx_word' id='word_1_142' title='bbox 114 1374 156 1400; x_wconf 83' lang='lat' dir='ltr'>ra</span> <span class='ocrx_word' id='word_1_143' title='bbox 186 1360 313 1399; x_wconf 82' lang='lat' dir='ltr'>subito</span> <span class='ocrx_word' id='word_1_144' title='bbox 344 1366 528 1409; x_wconf 82' lang='lat' dir='ltr'>moveret.</span> 
     </span>
    </p>
   </div>
   <div class='ocr_carea' id='block_1_3' title="bbox 109 1424 1442 2351">
    <p class='ocr_par' dir='ltr' id='par_1_4' title="bbox 109 1424 1442 2351">
     <span class='ocr_line' id='line_1_20' title="bbox 171 1424 1409 1479; baseline -0.006 -8"><span class='ocrx_word' id='word_1_145' title='bbox 171 1432 225 1471; x_wconf 91' lang='lat' dir='ltr'>X.</span> <span class='ocrx_word' id='word_1_146' title='bbox 255 1431 331 1471; x_wconf 86' lang='lat' dir='ltr'>Sed</span> <span class='ocrx_word' id='word_1_147' title='bbox 367 1428 500 1468; x_wconf 90' lang='lat' dir='ltr'>consul</span> <span class='ocrx_word' id='word_1_148' title='bbox 532 1435 619 1479; x_wconf 88' lang='lat' dir='ltr'>apta</span> <span class='ocrx_word' id='word_1_149' title='bbox 655 1426 821 1477; x_wconf 87' lang='lat' dir='ltr'>tempori</span> <span class='ocrx_word' id='word_1_150' title='bbox 853 1424 1025 1465; x_wconf 84' lang='lat' dir='ltr'>oratione</span> <span class='ocrx_word' id='word_1_151' title='bbox 1059 1424 1209 1464; x_wconf 83' lang='lat' dir='ltr'>territos</span> <span class='ocrx_word' id='word_1_152' title='bbox 1242 1424 1409 1464; x_wconf 88' lang='lat' dir='ltr'>militum</span> 
     </span>
     <span class='ocr_line' id='line_1_21' title="bbox 117 1486 1410 1557; baseline -0.007 -24"><span class='ocrx_word' id='word_1_153' title='bbox 117 1494 265 1534; x_wconf 81' lang='lat' dir='ltr'>animos</span> <span class='ocrx_word' id='word_1_154' title='bbox 290 1490 556 1531; x_wconf 82' lang='lat' dir='ltr'>confirmavit:</span> <span class='ocrx_word' id='word_1_155' title='bbox 581 1491 680 1528; x_wconf 85' lang='lat' dir='ltr'>haud</span> <span class='ocrx_word' id='word_1_156' title='bbox 693 1490 809 1527; x_wconf 86' lang='lat' dir='ltr'>minus</span> <span class='ocrx_word' id='word_1_157' title='bbox 829 1489 938 1541; x_wconf 77' lang='lat' dir='ltr'>hostes</span> <span class='ocrx_word' id='word_1_158' title='bbox 957 1487 1123 1540; x_wconf 81' lang='lat' dir='ltr'>religione</span> <span class='ocrx_word' id='word_1_159' title='bbox 1140 1501 1208 1525; x_wconf 82' lang='lat' dir='ltr'>non</span> <span class='ocrx_word' id='word_1_160' title='bbox 1226 1486 1410 1557; x_wconf 70' lang='lat' dir='ltr'>necffzria</span> 
     </span>
     <span class='ocr_line' id='line_1_22' title="bbox 109 1548 1411 1612; baseline -0.006 -18"><span class='ocrx_word' id='word_1_161' title='bbox 109 1557 332 1612; x_wconf 75' lang='lat' dir='ltr'>perturbatos</span> <span class='ocrx_word' id='word_1_162' title='bbox 349 1554 554 1601; x_wconf 43' lang='lat' dir='ltr'>dictitans,</span> <span class='ocrx_word' id='word_1_163' title='bbox 579 1552 719 1605; x_wconf 79' lang='lat' dir='ltr'>ejusque</span> <span class='ocrx_word' id='word_1_164' title='bbox 738 1552 916 1590; x_wconf 63' lang='lat' dir='ltr'>vibloriam</span> <span class='ocrx_word' id='word_1_165' title='bbox 939 1548 1042 1602; x_wconf 81' lang='lat' dir='ltr'>fore,</span> <span class='ocrx_word' id='word_1_166' title='bbox 1059 1550 1118 1602; x_wconf 79' lang='lat' dir='ltr'>qui</span> <span class='ocrx_word' id='word_1_167' title='bbox 1147 1549 1283 1602; x_wconf 80' lang='lat' dir='ltr'>excuffi)</span> <span class='ocrx_word' id='word_1_168' title='bbox 1307 1550 1411 1587; x_wconf 79' lang='lat' dir='ltr'>inani</span> 
     </span>
     <span class='ocr_line' id='line_1_23' title="bbox 118 1610 1413 1670; baseline -0.007 -13"><span class='ocrx_word' id='word_1_169' title='bbox 118 1631 208 1657; x_wconf 80' lang='lat' dir='ltr'>metu</span> <span class='ocrx_word' id='word_1_170' title='bbox 226 1617 460 1670; x_wconf 78' lang='lat' dir='ltr'>adverfizrium</span> <span class='ocrx_word' id='word_1_171' title='bbox 473 1615 535 1668; x_wconf 84' lang='lat' dir='ltr'>sui</span> <span class='ocrx_word' id='word_1_172' title='bbox 553 1629 622 1652; x_wconf 87' lang='lat' dir='ltr'>non</span> <span class='ocrx_word' id='word_1_173' title='bbox 643 1615 722 1651; x_wconf 84' lang='lat' dir='ltr'>bene</span> <span class='ocrx_word' id='word_1_174' title='bbox 738 1624 924 1666; x_wconf 84' lang='lat' dir='ltr'>compotem</span> <span class='ocrx_word' id='word_1_175' title='bbox 939 1612 1035 1663; x_wconf 83' lang='lat' dir='ltr'>prior</span> <span class='ocrx_word' id='word_1_176' title='bbox 1051 1610 1251 1662; x_wconf 67' lang='lat' dir='ltr'>invaffiſjkt.</span> <span class='ocrx_word' id='word_1_177' title='bbox 1271 1611 1413 1662; x_wconf 81' lang='lat' dir='ltr'>Templo</span> 
     </span>
     <span class='ocr_line' id='line_1_24' title="bbox 120 1672 1409 1730; baseline -0.007 -10"><span class='ocrx_word' id='word_1_178' title='bbox 120 1680 262 1720; x_wconf 86' lang='lat' dir='ltr'>deinde</span> <span class='ocrx_word' id='word_1_179' title='bbox 285 1681 420 1718; x_wconf 83' lang='lat' dir='ltr'>Telluri</span> <span class='ocrx_word' id='word_1_180' title='bbox 437 1681 506 1717; x_wconf 85' lang='lat' dir='ltr'>deae</span> <span class='ocrx_word' id='word_1_181' title='bbox 525 1684 642 1725; x_wconf 85' lang='lat' dir='ltr'>voto,</span> <span class='ocrx_word' id='word_1_182' title='bbox 660 1677 698 1727; x_wconf 86' lang='lat' dir='ltr'><em>fi</em></span> <span class='ocrx_word' id='word_1_183' title='bbox 682 1676 848 1730; x_wconf 84' lang='lat' dir='ltr'>zpopulo</span> <span class='ocrx_word' id='word_1_184' title='bbox 872 1678 1033 1714; x_wconf 84' lang='lat' dir='ltr'>Ramano</span> <span class='ocrx_word' id='word_1_185' title='bbox 1048 1675 1225 1711; x_wconf 47' lang='lat' dir='ltr'>victoriam</span> <span class='ocrx_word' id='word_1_186' title='bbox 1241 1672 1409 1725; x_wconf 50' lang='lat' dir='ltr'>dedqffift,</span> 
     </span>
     <span class='ocr_line' id='line_1_25' title="bbox 120 1736 1415 1794; baseline -0.007 -11"><span class='ocrx_word' id='word_1_187' title='bbox 120 1745 310 1794; x_wconf 86' lang='lat' dir='ltr'>impetum</span> <span class='ocrx_word' id='word_1_188' title='bbox 333 1743 374 1782; x_wconf 90' lang='lat' dir='ltr'>in</span> <span class='ocrx_word' id='word_1_189' title='bbox 397 1741 523 1781; x_wconf 88' lang='lat' dir='ltr'>hostes</span> <span class='ocrx_word' id='word_1_190' title='bbox 548 1740 650 1779; x_wconf 89' lang='lat' dir='ltr'>fecit.</span> <span class='ocrx_word' id='word_1_191' title='bbox 688 1739 826 1788; x_wconf 88' lang='lat' dir='ltr'>Neque</span> <span class='ocrx_word' id='word_1_192' title='bbox 848 1736 888 1776; x_wconf 89' lang='lat' dir='ltr'>hi</span> <span class='ocrx_word' id='word_1_193' title='bbox 914 1736 1064 1788; x_wconf 82' lang='lat' dir='ltr'>segnius</span> <span class='ocrx_word' id='word_1_194' title='bbox 1086 1748 1274 1785; x_wconf 68' lang='lat' dir='ltr'>excepere</span> <span class='ocrx_word' id='word_1_195' title='bbox 1294 1744 1415 1774; x_wconf 80' lang='lat' dir='ltr'>certa-</span> 
     </span>
     <span class='ocr_line' id='line_1_26' title="bbox 121 1798 1415 1854; baseline -0.007 -10"><span class='ocrx_word' id='word_1_196' title='bbox 121 1818 212 1844; x_wconf 88' lang='lat' dir='ltr'>men</span> <span class='ocrx_word' id='word_1_197' title='bbox 229 1835 239 1852; x_wconf 86' lang='lat'>‚</span> <span class='ocrx_word' id='word_1_198' title='bbox 256 1803 455 1854; x_wconf 63' lang='lat' dir='ltr'>caedesque</span> <span class='ocrx_word' id='word_1_199' title='bbox 479 1812 559 1841; x_wconf 87' lang='lat' dir='ltr'>tam</span> <span class='ocrx_word' id='word_1_200' title='bbox 586 1809 697 1840; x_wconf 71' lang='lat' dir='ltr'>atrox</span> <span class='ocrx_word' id='word_1_201' title='bbox 722 1800 798 1839; x_wconf 85' lang='lat' dir='ltr'>fuit</span> <span class='ocrx_word' id='word_1_202' title='bbox 812 1831 823 1848; x_wconf 84' lang='lat'>,</span> <span class='ocrx_word' id='word_1_203' title='bbox 846 1808 889 1837; x_wconf 91' lang='lat' dir='ltr'>ut</span> <span class='ocrx_word' id='word_1_204' title='bbox 908 1799 1021 1837; x_wconf 80' lang='lat' dir='ltr'>etiam</span> <span class='ocrx_word' id='word_1_205' title='bbox 1048 1798 1202 1837; x_wconf 61' lang='lat' dir='ltr'>victoris</span> <span class='ocrx_word' id='word_1_206' title='bbox 1222 1798 1415 1836; x_wconf 71' lang='lat' dir='ltr'>exercitus</span> 
     </span>
     <span class='ocr_line' id='line_1_27' title="bbox 123 1859 1416 1919; baseline -0.007 -14"><span class='ocrx_word' id='word_1_207' title='bbox 123 1879 209 1919; x_wconf 81' lang='lat' dir='ltr'>pars</span> <span class='ocrx_word' id='word_1_208' title='bbox 237 1867 362 1904; x_wconf 89' lang='lat' dir='ltr'>minor</span> <span class='ocrx_word' id='word_1_209' title='bbox 389 1863 539 1903; x_wconf 78' lang='lat' dir='ltr'>evafisse</span> <span class='ocrx_word' id='word_1_210' title='bbox 570 1862 729 1902; x_wconf 66' lang='lat' dir='ltr'>dicatur.</span> <span class='ocrx_word' id='word_1_211' title='bbox 765 1860 822 1901; x_wconf 80' lang='lat' dir='ltr'>Ab</span> <span class='ocrx_word' id='word_1_212' title='bbox 849 1860 926 1900; x_wconf 92' lang='lat' dir='ltr'>hoc</span> <span class='ocrx_word' id='word_1_213' title='bbox 947 1859 1111 1910; x_wconf 74' lang='lat' dir='ltr'>proelio,</span> <span class='ocrx_word' id='word_1_214' title='bbox 1133 1872 1222 1898; x_wconf 85' lang='lat' dir='ltr'>cum</span> <span class='ocrx_word' id='word_1_215' title='bbox 1255 1859 1326 1898; x_wconf 82' lang='lat' dir='ltr'>alia</span> <span class='ocrx_word' id='word_1_216' title='bbox 1355 1859 1416 1898; x_wconf 87' lang='lat' dir='ltr'>Pi-</span> 
     </span>
     <span class='ocr_line' id='line_1_28' title="bbox 122 1910 1442 1978; baseline -0.005 -11"><span class='ocrx_word' id='word_1_217' title='bbox 122 1930 296 1968; x_wconf 82' lang='lat' dir='ltr'>centium</span> <span class='ocrx_word' id='word_1_218' title='bbox 320 1928 483 1978; x_wconf 84' lang='lat' dir='ltr'>oppida,</span> <span class='ocrx_word' id='word_1_219' title='bbox 499 1936 583 1965; x_wconf 89' lang='lat' dir='ltr'>tum</span> <span class='ocrx_word' id='word_1_220' title='bbox 613 1934 731 1976; x_wconf 86' lang='lat' dir='ltr'>caput</span> <span class='ocrx_word' id='word_1_221' title='bbox 760 1926 883 1975; x_wconf 85' lang='lat' dir='ltr'>gentis</span> <span class='ocrx_word' id='word_1_222' title='bbox 909 1922 1111 1969; x_wconf 73' lang='lat' dir='ltr'>Asculum,</span> <span class='ocrx_word' id='word_1_223' title='bbox 1130 1923 1199 1961; x_wconf 77' lang='lat' dir='ltr'>situ</span> <span class='ocrx_word' id='word_1_224' title='bbox 1226 1910 1442 1973; x_wconf 38' lang='lat' dir='ltr'>munione*</span> 
     </span>
     <span class='ocr_line' id='line_1_29' title="bbox 124 1986 1418 2038; baseline -0.005 -8"><span class='ocrx_word' id='word_1_225' title='bbox 124 1990 329 2030; x_wconf 79' lang='lat' dir='ltr'>tutiffimus</span> <span class='ocrx_word' id='word_1_226' title='bbox 349 1989 456 2027; x_wconf 86' lang='lat' dir='ltr'>locus</span> <span class='ocrx_word' id='word_1_227' title='bbox 470 2019 481 2036; x_wconf 84' lang='lat'>‚</span> <span class='ocrx_word' id='word_1_228' title='bbox 505 1988 734 2038; x_wconf 88' lang='lat' dir='ltr'>Sempronio</span> <span class='ocrx_word' id='word_1_229' title='bbox 757 1987 793 2026; x_wconf 91' lang='lat' dir='ltr'>se</span> <span class='ocrx_word' id='word_1_230' title='bbox 815 1987 1060 2026; x_wconf 84' lang='lat' dir='ltr'>dediderunt.</span> <span class='ocrx_word' id='word_1_231' title='bbox 1093 1986 1219 2034; x_wconf 80' lang='lat' dir='ltr'>Hujus</span> <span class='ocrx_word' id='word_1_232' title='bbox 1236 1986 1418 2035; x_wconf 77' lang='lat' dir='ltr'>deinceps</span> 
     </span>
     <span class='ocr_line' id='line_1_30' title="bbox 126 2047 1419 2103; baseline -0.005 -12"><span class='ocrx_word' id='word_1_233' title='bbox 126 2052 306 2103; x_wconf 82' lang='lat' dir='ltr'>exemplo</span> <span class='ocrx_word' id='word_1_234' title='bbox 336 2050 548 2091; x_wconf 87' lang='lat' dir='ltr'>Picentium</span> <span class='ocrx_word' id='word_1_235' title='bbox 574 2064 690 2089; x_wconf 89' lang='lat' dir='ltr'>omne</span> <span class='ocrx_word' id='word_1_236' title='bbox 722 2063 866 2089; x_wconf 86' lang='lat' dir='ltr'>nomen</span> <span class='ocrx_word' id='word_1_237' title='bbox 900 2050 1088 2099; x_wconf 82' lang='lat' dir='ltr'>imperata</span> <span class='ocrx_word' id='word_1_238' title='bbox 1112 2048 1240 2086; x_wconf 78' lang='lat' dir='ltr'>facere</span> <span class='ocrx_word' id='word_1_239' title='bbox 1271 2047 1419 2098; x_wconf 84' lang='lat' dir='ltr'>pollici-</span> 
     </span>
     <span class='ocr_line' id='line_1_31' title="bbox 126 2109 1418 2163; baseline -0.007 -9"><span class='ocrx_word' id='word_1_240' title='bbox 126 2127 210 2155; x_wconf 86' lang='lat' dir='ltr'>tum</span> <span class='ocrx_word' id='word_1_241' title='bbox 225 2146 236 2163; x_wconf 83' lang='lat'><strong>‚</strong></span> <span class='ocrx_word' id='word_1_242' title='bbox 259 2128 279 2153; x_wconf 91' lang='lat' dir='ltr'>a</span> <span class='ocrx_word' id='word_1_243' title='bbox 302 2115 442 2153; x_wconf 82' lang='lat' dir='ltr'>Senatu</span> <span class='ocrx_word' id='word_1_244' title='bbox 470 2124 606 2163; x_wconf 83' lang='lat' dir='ltr'>pacem</span> <span class='ocrx_word' id='word_1_245' title='bbox 635 2112 816 2157; x_wconf 81' lang='lat' dir='ltr'>obtinuit.</span> <span class='ocrx_word' id='word_1_246' title='bbox 832 2112 932 2152; x_wconf 74' lang='lat' dir='ltr'>,lam</span> <span class='ocrx_word' id='word_1_247' title='bbox 956 2110 1066 2150; x_wconf 75' lang='lat' dir='ltr'>ltalia</span> <span class='ocrx_word' id='word_1_248' title='bbox 1094 2118 1196 2158; x_wconf 79' lang='lat' dir='ltr'>tota,</span> <span class='ocrx_word' id='word_1_249' title='bbox 1219 2122 1293 2160; x_wconf 78' lang='lat' dir='ltr'>qua</span> <span class='ocrx_word' id='word_1_250' title='bbox 1314 2109 1418 2149; x_wconf 82' lang='lat' dir='ltr'>Sicu-</span> 
     </span>
     <span class='ocr_line' id='line_1_32' title="bbox 128 2170 1420 2225; baseline -0.005 -10"><span class='ocrx_word' id='word_1_251' title='bbox 128 2178 207 2217; x_wconf 85' lang='lat' dir='ltr'>lum</span> <span class='ocrx_word' id='word_1_252' title='bbox 235 2177 468 2225; x_wconf 66' lang='lat' dir='ltr'>,Ioniumque</span> <span class='ocrx_word' id='word_1_253' title='bbox 507 2188 609 2213; x_wconf 86' lang='lat' dir='ltr'>mare</span> <span class='ocrx_word' id='word_1_254' title='bbox 646 2171 812 2225; x_wconf 67' lang='lat' dir='ltr'>spectat,</span> <span class='ocrx_word' id='word_1_255' title='bbox 847 2173 1092 2224; x_wconf 85' lang='lat' dir='ltr'>perdomita,</span> <span class='ocrx_word' id='word_1_256' title='bbox 1128 2170 1196 2209; x_wconf 88' lang='lat' dir='ltr'>soli</span> <span class='ocrx_word' id='word_1_257' title='bbox 1230 2170 1420 2209; x_wconf 78' lang='lat' dir='ltr'>restabant</span> 
     </span>
     <span class='ocr_line' id='line_1_33' title="bbox 129 2233 1419 2288; baseline -0.007 -9"><span class='ocrx_word' id='word_1_258' title='bbox 129 2239 350 2287; x_wconf 76' lang='lat' dir='ltr'>Sallentini,</span> <span class='ocrx_word' id='word_1_259' title='bbox 375 2241 439 2288; x_wconf 88' lang='lat' dir='ltr'>qui</span> <span class='ocrx_word' id='word_1_260' title='bbox 467 2239 514 2277; x_wconf 82' lang='lat' dir='ltr'>ad</span> <span class='ocrx_word' id='word_1_261' title='bbox 540 2246 731 2276; x_wconf 76' lang='lat' dir='ltr'>extremas</span> <span class='ocrx_word' id='word_1_262' title='bbox 763 2235 881 2276; x_wconf 80' lang='lat' dir='ltr'>Italiae</span> <span class='ocrx_word' id='word_1_263' title='bbox 907 2248 991 2275; x_wconf 69' lang='lat' dir='ltr'>orus</span> <span class='ocrx_word' id='word_1_264' title='bbox 1025 2233 1186 2281; x_wconf 85' lang='lat' dir='ltr'>colunt,</span> <span class='ocrx_word' id='word_1_265' title='bbox 1211 2246 1284 2283; x_wconf 81' lang='lat' dir='ltr'>qua</span> <span class='ocrx_word' id='word_1_266' title='bbox 1315 2245 1419 2271; x_wconf 82' lang='lat' dir='ltr'>mare</span> 
     </span>
     <span class='ocr_line' id='line_1_34' title="bbox 127 2293 1420 2351; baseline -0.005 -12"><span class='ocrx_word' id='word_1_267' title='bbox 127 2300 306 2351; x_wconf 78' lang='lat' dir='ltr'>superum</span> <span class='ocrx_word' id='word_1_268' title='bbox 342 2299 458 2347; x_wconf 89' lang='lat' dir='ltr'>Jonio</span> <span class='ocrx_word' id='word_1_269' title='bbox 496 2297 765 2337; x_wconf 86' lang='lat' dir='ltr'>committitur.</span> <span class='ocrx_word' id='word_1_270' title='bbox 809 2299 860 2336; x_wconf 78' lang='lat' dir='ltr'>ad</span> <span class='ocrx_word' id='word_1_271' title='bbox 891 2296 962 2335; x_wconf 85' lang='lat' dir='ltr'>hos</span> <span class='ocrx_word' id='word_1_272' title='bbox 998 2296 1112 2346; x_wconf 87' lang='lat' dir='ltr'>igitur</span> <span class='ocrx_word' id='word_1_273' title='bbox 1145 2308 1166 2334; x_wconf 87' lang='lat' dir='ltr'>a</span> <span class='ocrx_word' id='word_1_274' title='bbox 1199 2293 1420 2334; x_wconf 62' lang='lat' dir='ltr'>Picentibus</span> 
     </span>
    </p>
   </div>
   <div class='ocr_carea' id='block_1_4' title="bbox 181 2426 1393 2510">
    <p class='ocr_par' dir='ltr' id='par_1_5' title="bbox 181 2426 1393 2510">
     <span class='ocr_line' id='line_1_35' title="bbox 181 2426 1393 2475; baseline -0.008 -9.992"><span class='ocrx_word' id='word_1_275' title='bbox 181 2434 203 2475; x_wconf 64' lang='lat'>§3</span> <span class='ocrx_word' id='word_1_276' title='bbox 231 2433 262 2464; x_wconf 76' lang='lat' dir='ltr'><strong>V</strong></span> <span class='ocrx_word' id='word_1_277' title='bbox 269 2433 322 2465; x_wconf 73' lang='lat' dir='ltr'>1.ss</span> <span class='ocrx_word' id='word_1_278' title='bbox 346 2433 489 2475; x_wconf 82' lang='lat' dir='ltr'>Eutrop.</span> <span class='ocrx_word' id='word_1_279' title='bbox 514 2434 535 2465; x_wconf 93' lang='lat' dir='ltr'>l.</span> <span class='ocrx_word' id='word_1_280' title='bbox 556 2443 587 2464; x_wconf 91' lang='lat'>2.</span> <span class='ocrx_word' id='word_1_281' title='bbox 604 2432 695 2466; x_wconf 79' lang='lat' dir='ltr'>V-ell</span> <span class='ocrx_word' id='word_1_282' title='bbox 719 2442 761 2470; x_wconf 85' lang='lat'>1,</span> <span class='ocrx_word' id='word_1_283' title='bbox 788 2441 839 2471; x_wconf 89' lang='lat'>14.</span> <span class='ocrx_word' id='word_1_284' title='bbox 865 2427 940 2462; x_wconf 85' lang='lat' dir='ltr'>Liv.</span> <span class='ocrx_word' id='word_1_285' title='bbox 965 2428 1054 2471; x_wconf 68' lang='lat' dir='ltr'>Epir.</span> <span class='ocrx_word' id='word_1_286' title='bbox 1082 2438 1133 2466; x_wconf 83' lang='lat'>15.</span> <span class='ocrx_word' id='word_1_287' title='bbox 1158 2426 1234 2459; x_wconf 79' lang='lat' dir='ltr'>Val</span> <span class='ocrx_word' id='word_1_288' title='bbox 1256 2426 1348 2457; x_wconf 73' lang='lat' dir='ltr'>Max.</span> <span class='ocrx_word' id='word_1_289' title='bbox 1374 2432 1393 2454; x_wconf 68' lang='grc' dir='ltr'>ί</span> 
     </span>
     <span class='ocr_line' id='line_1_36' title="bbox 191 2489 218 2510; baseline 0 0"><span class='ocrx_word' id='word_1_290' title='bbox 191 2489 218 2510; x_wconf 91' lang='lat'>1.</span> 
     </span>
    </p>
   </div>
   <div class='ocr_carea' id='block_1_5' title="bbox 132 2467 1416 2556">
    <p class='ocr_par' dir='ltr' id='par_1_6' title="bbox 132 2467 1416 2556">
     <span class='ocr_line' id='line_1_37' title="bbox 132 2467 1416 2556; baseline -0.007 -46"><span class='ocrx_word' id='word_1_291' title='bbox 132 2489 163 2556; x_wconf 56' lang='lat' dir='ltr'>l&lt;</span> <span class='ocrx_word' id='word_1_292' title='bbox 244 2478 275 2510; x_wconf 87' lang='lat' dir='ltr'>l¹&#39;</span> <span class='ocrx_word' id='word_1_293' title='bbox 270 2478 337 2521; x_wconf 77' lang='lat' dir='ltr'>igh.</span> <span class='ocrx_word' id='word_1_294' title='bbox 363 2479 397 2509; x_wconf 85' lang='lat' dir='ltr'>in</span> <span class='ocrx_word' id='word_1_295' title='bbox 420 2487 497 2510; x_wconf 79' lang='lat' dir='ltr'>ann&#39;.</span> <span class='ocrx_word' id='word_1_296' title='bbox 525 2478 601 2518; x_wconf 82' lang='lat'>485.</span> <span class='ocrx_word' id='word_1_297' title='bbox 632 2483 654 2521; x_wconf 57' lang='lat'>3</span> <span class='ocrx_word' id='word_1_298' title='bbox 680 2467 1239 2518; x_wconf 71' lang='lat' dir='ltr'>1X.Piin.33,3.c01.rriu1&#39;nph.</span> <span class='ocrx_word' id='word_1_299' title='bbox 1272 2470 1416 2512; x_wconf 72' lang='lat' dir='ltr'>Eutrop</span> 
     </span>
     <span class='ocr_line' id='line_1_38' title="bbox 178 2533 209 2554; baseline 0 0"><span class='ocrx_word' id='word_1_300' title='bbox 178 2533 209 2554; x_wconf 87' lang='lat'>2.</span> 
     </span>
    </p>
   </div>
  </div>
 </body>
</html>
