1701 3008
278 224 363 273 IN
415 223 600 272 LOC.
650 224 796 272 LIB.
842 223 927 273 XI
975 226 1126 275 LIV.
1306 226 1362 276 81

68 330 202 387 proelii
224 331 421 373 fortunam
444 333 588 373 traxit:
617 331 824 372 sustinuere
844 335 1014 384 primum
1036 335 1219 376 Romanae
1242 333 1367 388 legio-

70 411 139 439 nes
165 397 336 446 hostem,
356 397 547 447 equitatus
572 395 732 435 audacia
758 398 962 447 animatae,
979 411 1073 438 mox
1100 399 1364 450 impulerunt:

69 459 204 503 frustra
230 458 433 499 obnitente
460 458 681 505 Herennio,
706 458 773 508 qui
798 459 981 498 omnibus
1010 459 1102 500 boni
1127 463 1162 501 Sc
1188 463 1297 502 ducis
1326 466 1365 504 δε

69 522 208 562 militis
234 520 458 561 muneribus
489 533 535 559 eo
560 519 624 558 die
649 520 828 570 sunc'tuS,
854 522 947 560 dum
971 523 1228 574 redintegrare
1255 526 1363 566 ordi-

68 599 160 634 nes,
189 586 354 625 retinere
376 582 596 633 fugientes,
613 583 790 622 obfistere
814 585 1084 635 ingruentibus
1108 589 1266 638 tendit,
1292 603 1364 629 ne-

69 661 144 698 que
159 646 337 687 inhibere
353 646 485 695 fugam
505 643 660 684 suorum
688 647 817 696 potuit
830 676 842 695 ,
861 650 895 686 ὅ(
920 652 1252 698 opportunitatem
1270 663 1365 691 eva⁴

71 707 192 750 dendi
213 709 293 760 ipse
316 707 452 748 amisit.
480 707 602 758 Capta
626 720 716 748 cum
737 709 836 748 duce
859 709 980 750 millia
1005 712 1237 751 Samnitium
1262 727 1362 764 qua-

70 784 188 814 tuor:
218 773 266 812 ad
288 770 411 811 millia
435 772 574 822 viginti
600 770 783 822 proelium
812 774 847 811 Sc
874 773 964 823 fuga
992 772 1208 813 hauserunt.
1238 775 1362 815 Etiam.

72 838 189 877 castra
217 836 384 876 hostium
422 834 463 874 in
499 835 725 886 potestatem
760 835 912 875 redacta
948 836 1057 885 sunt,
1093 847 1181 877 cum
1213 838 1360 888 ingenti

71 899 224 951 praeda,
262 912 379 950 quarn
412 898 538 937 statim
570 899 650 948 agri
688 897 855 937 hostium
898 899 974 938 late
1007 900 1167 949 vastati,
1200 899 1358 951 pallim-

73 975 148 1013 que
179 970 423 1013 expugnata,
462 968 528 1000 aut
556 961 689 1000 dedita
729 962 876 1012 oppida
912 961 1129 1001 luculenter
1162 971 1361 1002 auxerunt.

127 1025 178 1065 X.
210 1024 334 1064 Tanta
360 1034 486 1060 rerum
517 1022 774 1060 commutatio
810 1022 1021 1062 accessione
1051 1025 1164 1062 unius
1192 1023 1363 1063 hominis

71 1085 172 1126 faeta
195 1085 271 1132 est,
287 1086 330 1123 ut
354 1081 469 1134 paulo
492 1091 580 1122 ante
600 1081 724 1123 vietor
749 1087 941 1125 exercitus
963 1099 983 1124 a
1006 1088 1108 1126 vieto
1126 1087 1361 1128 caederetur:

73 1151 110 1189 &
134 1160 223 1187 eum
253 1148 550 1197 imperatorem,
577 1158 599 1185 a
627 1159 703 1196 quo
725 1146 830 1200 fusus
855 1148 1084 1199 fugatusque
1115 1149 1247 1189 consul
1274 1150 1365 1189 fue-

70 1218 152 1260 rat,
173 1208 253 1260 ipse
284 1220 388 1247 nunc
412 1209 608 1259 captivum
634 1206 867 1259 abduceret,
895 1212 1029 1261 ingens
1050 1211 1196 1262 populo
1219 1212 1360 1252 Roma*

70 1286 121 1314 no
151 1270 440 1324 spectaculum,
471 1273 507 1311 Sc
540 1279 811 1311 ornamentum
840 1272 1027 1324 triumphi
1052 1273 1131 1314 sui:
1161 1286 1275 1324 quem
1295 1288 1360 1314 an-

71 1350 122 1376 no
146 1336 326 1387 sequente
350 1335 400 1374 ad
423 1334 561 1374 urbem
585 1334 753 1374 reversus
780 1334 930 1375 summa
959 1341 1133 1376 omnium
1158 1337 1362 1376 voluntate·

70 1397 306 1449 impetravit.
335 1396 438 1436 Dum
466 1395 548 1436 haec
573 1408 595 1435 a
625 1395 753 1436 Fabiis
776 1397 817 1436 in
845 1399 1002 1438 Samnio
1028 1398 1359 1447 administrantur,

69 1462 188 1500 etiam
213 1458 310 1499 alter
337 1457 493 1507 consul,
525 1456 570 1498 D.
599 1458 759 1507 Brutus,
786 1460 850 1499 cui
880 1459 1017 1500 Falisci
1042 1458 1241 1511 provincia
1273 1475 1358 1500 cve-

70 1531 200 1571 nerat,
217 1520 406 1572 prosperis
432 1521 546 1560 rebus
573 1520 662 1560 usus
688 1522 750 1561 est.
784 1523 942 1574 Quippe
963 1524 1116 1573 adjutus
1141 1537 1162 1563 a
1189 1525 1252 1574 Sp.
1269 1524 1358 1563 Car-

68 1584 166 1625 vilio
193 1582 321 1635 legato
339 1589 457 1637 (nam
482 1585 517 1623 &
534 1583 650 1623 Bruto
667 1582 837 1635 legatum
858 1584 1018 1636 adjungi
1037 1585 1259 1641 placuerat)
1275 1588 1357 1626 viro

70 1645 262 1686 bellorum
299 1647 334 1686 ὃς
367 1645 485 1686 hostis
514 1658 654 1696 gnaro,
676 1645 853 1686 adversus
887 1658 1002 1698 quem
1032 1647 1225 1698 superiore
1255 1661 1356 1688 anno

70 1708 204 1749 consul
239 1722 318 1749 rem
353 1708 521 1748 feliciter
557 1707 754 1765 gesseratg
789 1711 824 1750 ἃ
850 1718 985 1749 ceterae
1021 1710 1179 1751 Etruriae
1208 1723 1355 1761 partem

67 1785 148 1812 non
172 1773 354 1823 exiguam
373 1771 648 1823 perpopulatus
675 1772 750 1821 est,
775 1774 811 1812 &
832 1772 1000 1813 Faliscos
1025 1784 1222 1813 occurrere
1247 1772 1355 1813 ausos

67 1833 209 1885 proelio
237 1834 343 1873 vicit.

123 1894 195 1935 XI.
223 1896 295 1935 His
322 1890 433 1934 rebus
458 1893 497 1934 in
522 1893 665 1936 Urbem
696 1893 906 1945 nuntiatis,-
936 1908 1024 1936 cum
1056 1904 1209 1948 tempus
1235 1896 1359 1937 comi-

69 1959 213 1997 tiorum
239 1957 422 2007 venisset,
448 1957 697 2011 consulesque
722 1973 743 1999 a
767 1961 878 2000 rebus
907 1961 1084 2010 gerendis
1105 1962 1255 2000 avocari
1290 1973 1356 2011 pa-

67 2032 151 2059 rum
188 2032 209 2057 e
245 2018 443 2069 republica
474 2021 698 2070 videretur3
731 2023 989 2070 interregnum
1019 2021 1070 2060 cst
1100 2022 1251 2061 initum.
1294 2023 1357 2062 In-

67 2090 192 2121 terrex
222 2079 262 2120 L.
296 2080 507 2120 Postumius
541 2081 761 2133 Megellus,
796 2084 964 2122 comitiis
999 2097 1083 2133 quae
1116 2083 1194 2134 ipse
1230 2084 1355 2123 habe-

68 2141 161 2190 bat,
189 2140 324 2181 consul
357 2140 570 2181 declaratus
595 2143 670 2183 est:
697 2143 808 2183 nullo
833 2144 880 2183 ad
908 2157 991 2183 eam
1018 2146 1121 2184 diem
1149 2146 1354 2197 exemplo,

67 2213 319 2256 praeterquam
354 2202 467 2256 Appii
496 2205 672 2255 Claudii,
702 2208 804 2257 quod
830 2208 950 2247 bonus
975 2221 1090 2247 nemo
1119 2209 1353 2259 probaverat.

67 2267 143 2307 Sed
174 2266 388 2306 Postumius
419 2279 496 2305 non
521 2268 669 2306 minore
693 2271 906 2318 arrogantia
943 2271 1198 2322 magistratum
1224 2274 1354 2323 gemit,

69 2341 184 2378 quam
218 2335 427 2378 acceperat.
475 2328 731 2379 Jamprimum
767 2332 973 2371 nobilitate
1000 2333 1147 2383 generis
1178 2337 1212 2373 ἅ*
1242 2337 1354 2373 tertio

66 2399 150 2430 tum
175 2389 377 2431 consulatu
398 2391 528 2441 inepte
554 2391 682 2441 ferox,
704 2391 892 2444 collegam
917 2397 997 2444 ejus
1023 2397 1111 2434 anui
1139 2396 1178 2435 C.
1194 2398 1351 2444 ‚Iunium

67 2452 252 2501 Brutum,
275 2452 473 2503 plebeium
499 2453 722 2505 hominem,
745 2464 785 2495 ut
805 2456 841 2495 sc
864 2455 979 2508 longe
997 2458 1215 2497 inferiorem
1230 2489 1239 2505 ,
1257 2459 1350 2496 olim

111 2568 135 2612 ἕ
159 2568 217 2602 IX.
244 2567 384 2602 Orosius
418 2580 454 2612 3,
481 2581 533 2604 22.
567 2570 729 2606 Zonaras.
762 2573 903 2618 Eutrop.
928 2575 951 2608 l,
982 2585 1031 2607 ιι.
1071 2576 1092 2616 ς
1116 2573 1158 2607 Χ.
1191 2575 1347 2606 Zonaras.

167 2626 215 2671 T.
242 2628 358 2671 Livii
396 2629 492 2672 Vol.
520 2629 609 2673 ΙΙΙ.
1055 2631 1083 2673 F
