1701 3008
256 165 316 214 88
385 163 1444 215 JO.FRE1NSHEM115UPPLEM.

236 272 341 316 >aliis
358 303 369 321 ,
393 274 458 323 qui
487 271 727 311 coloniarum
759 271 913 311 istarum
942 271 1133 322 originem
1159 271 1209 311 ad
1235 272 1417 313 inferiora
1444 280 1541 313 tem-

256 348 350 387 pora
383 333 606 372 retulerunt.
1389 347 1393 350 ⁴

260 390 263 391 ⁷
312 395 444 438 XXII.
475 394 579 435 Sed
569 407 608 432 m
626 393 728 435 Urbe
745 394 967 433 coercendis
981 408 1096 445 ‚quae
1113 394 1406 443 increbuerant,
1428 394 1545 434 male

259 459 357 499 ficiis
382 470 501 496 novus
527 456 764 507 magistratus
788 456 978 496 institutus
1001 457 1075 504 est,
1099 459 1163 508 qui
1189 456 1353 497 vinculis
1378 456 1545 499 sontium

259 521 450 560 servandis
465 551 476 567 ‚
495 521 531 560 &
554 532 642 558 cum
665 519 920 563 animadverti
945 529 1141 570 oporteret
1156 549 1166 567 ‚
1184 519 1376 570 supplicio
1398 518 1548 559 sumen-

259 583 310 621 do
335 582 505 621 autlores
540 591 653 632 atque
687 581 947 623 moderatores
979 578 1200 632 prieeffent,
1228 582 1419 624 triumviri
1445 582 1547 632 capi.

257 643 353 684 tales
382 643 576 695 appellati.
618 643 753 694 Legis,
779 656 799 682 a
830 643 868 685 L.
894 643 1041 693 Papirio
1073 643 1230 684 tribuno
1265 643 1389 694 plebis
1421 656 1467 683 eo
1499 644 1548 685 de

257 708 415 757 negotio
441 706 548 754 latai,
569 704 652 748 haeG
669 704 784 745 verba
810 705 991 744 invenio:
1018 705 1226 757 Quicunque
1252 704 1386 742 Praetor
1404 705 1551 757 posthac

251 771 372 828 faetus
394 772 482 818 erit,
507 771 585 823 quei
607 770 698 807 inter
723 769 818 807 cives
836 768 903 822 jus
930 768 1040 814 dicet,
1060 768 1222 820 tresviros
1245 766 1421 820 Capitales
1436 780 1552 819 popu-

259 834 330 871 lum
358 844 491 883 rogato.
527 832 619 884 iique
647 831 812 884 tresviri,
836 831 1027 883 quicunque
1057 828 1147 881 [αὲῖὶ
1176 841 1275 866 erunt
1296 859 1307 878 ,
1328 829 1551 881 sacramenta

260 894 429 944 exiguum
452 892 706 946 judicantoque
720 923 733 940 ,
761 893 939 944 eodemque
957 891 1036 944 jure
1054 892 1190 944 fitnto,
1219 903 1257 928 ut
1291 891 1322 928 ei
1350 905 1394 928 ex
1417 889 1551 944 legibus

254 956 433 1010 plebeique
459 955 566 1008 scitis
599 956 758 1006 exigere,
772 954 955 1007 judicare,
982 951 1108 1005 eſjkqtze
1130 965 1276 1005 oportet.
1313 953 1402 1003 Quo
1424 952 1550 1003 capite

264 1017 494 1057 muletarum
514 1030 667 1067 quoque
688 1017 962 1067 exigendarum
977 1014 1138 1066 potestas
1158 1015 1245 1066 ipsis
1268 1013 1355 1054 data
1376 1016 1550 1054 videtur:

257 1080 512 1136 sacramentum
537 1077 637 1115 enirn
666 1077 712 1115 iis
737 1077 978 1145 temporibus
1003 1079 1131 1117 vocari
1154 1078 1322 1128 solebat,
1343 1079 1447 1130 quod
1473 1092 1553 1129 poe-

263 1152 322 1182 nae
339 1140 496 1180 nornine
512 1135 751 1188 pendebatur
773 1149 842 1185 aeS,
860 1138 1042 1187 quoniam
1059 1137 1155 1177 illud
1173 1138 1223 1177 ob
1246 1138 1438 1179 sacrorum
1458 1139 1554 1189 pub-

265 1197 433 1238 licorum
461 1197 779 1245 multitudinem,
813 1200 849 1237 δε
885 1198 1073 1249 angustias
1108 1199 1248 1248 marii,
1279 1199 1554 1240 sacrificiorum

263 1260 444 1311 impenfis
471 1260 647 1300 destinari
674 1259 934 1300 consueverat.
958 1260 1101 1301 Census
1115 1275 1269 1312 quoque
1284 1275 1330 1302 eo
1356 1276 1456 1302 anno
1478 1265 1552 1304 aeti

265 1323 452 1362 memoria
481 1334 559 1361 non
590 1320 665 1360 alia
696 1321 885 1371 superest,
910 1335 1026 1372 quam
1051 1324 1156 1373 quod
1186 1325 1314 1363 civium
1344 1326 1462 1380 capita
1491 1328 1556 1364 du-

266 1396 367 1422 centa
379 1383 608 1436 septuaginta
639 1384 709 1421 tria
738 1384 852 1422 millia
875 1385 977 1438 censa
1005 1384 1200 1424 dicuntur.
1240 1385 1459 1437 Principem
1493 1387 1556 1427 Se-

270 1453 382 1487 natus
413 1444 460 1483 ab
488 1443 547 1485 his
569 1457 723 1495 quoque
753 1443 971 1485 censoribus
994 1445 1140 1486 lee‘tum
1167 1447 1277 1487 fuiffe
1312 1449 1362 1499 Q.
1394 1448 1558 1488 Fabium

272 1506 495 1551 Maximum
525 1515 625 1549 certa
650 1508 870 1556 conjefftura
900 1508 974 1557 est,
1002 1510 1107 1559 quod
1141 1508 1296 1549 aliunde
1317 1509 1481 1559 scimus,
1510 1524 1558 1551 ex

271 1582 316 1609 ea
355 1578 468 1619 gente
501 1571 730 1608 continuum
768 1582 856 1608 eum
894 1569 1082 1611 honorem
1119 1572 1239 1615 tribus
1281 1572 1475 1622 mansisse,
1511 1581 1555 1611 ut

270 1633 469 1675 Maximus
492 1641 691 1683 acceptum
720 1632 767 1673 ab
795 1633 978 1675 Ambusto
1006 1644 1136 1687 patre,
1160 1649 1255 1676 mox
1278 1637 1327 1676 ad
1359 1636 1557 1687 Gurgitem

272 1694 395 1734 filium
422 1693 689 1733 transmiserit.

326 1762 475 1802 XXIII.
506 1762 655 1802 Interea
673 1775 762 1802 cum
781 1763 874 1803 foris
899 1778 956 1804 res
980 1765 1068 1805 satis
1088 1764 1182 1805 laetae
1205 1765 1346 1815 essent,
1376 1764 1554 1816 gravibus

277 1824 384 1864 domi
417 1825 615 1865 discordiis
644 1826 974 1878 seditionibusque
1001 1828 1217 1870 laboratum
1246 1829 1308 1869 est.
1349 1828 1461 1869 Plebs
1490 1842 1560 1868 aere

277 1886 405 1927 alieno
433 1887 602 1938 oppressa
630 1901 747 1928 novas
775 1888 924 1928 tabulas
957 1890 1178 1940 flagitabat,
1200 1904 1280 1930 rem
1306 1899 1499 1939 veterem,
1528 1892 1563 1930 δε

279 1947 326 1987 ab
354 1949 529 1987 ducentis
555 1949 720 2000 amplius
754 1951 862 1989 annis
884 1950 985 1990 varie
1017 1953 1196 2001 jat‘mtam
1213 1983 1224 2000 ,
1250 1960 1294 1991 ut
1323 1951 1564 1991 turbulentus

277 2009 417 2058 aliquis
440 2011 614 2051 tribunus
642 2013 690 2051 ad
717 2013 1020 2052 commovendos
1055 2014 1314 2054 multitudinis
1340 2016 1488 2053 animos
1505 2014 1567 2054 sti-

280 2071 429 2110 mulum
454 2086 541 2112 eum
567 2075 816 2122 adn1overat3
845 2083 912 2114 aut
936 2076 1185 2126 improbitate
1200 2077 1473 2116 foeneratorum
1499 2089 1568 2126 po-

278 2133 361 2183 puli
394 2134 608 2185 indignatio
638 2137 837 2177 exarserat.
887 2138 962 2178 Sed
995 2138 1062 2178 sub
1089 2138 1280 2190 prioribus
1307 2137 1453 2187 aliquot
1478 2151 1566 2178 con-

282 2196 452 2244 suhbus,
476 2199 698 2238 morborum
728 2209 792 2240 aut
815 2200 982 2240 hostium
1009 2211 1131 2240 metus
1157 2199 1381 2239 remissiores
1409 2201 1449 2238 in
1475 2199 1566 2239 urbe

283 2260 551 2299 contentiones
573 2259 739 2302 fecerat:
774 2262 823 2312 Q
838 2261 989 2302 Marcio
1014 2260 1219 2309 Tremulo,
1241 2261 1279 2301 P.
1300 2260 1479 2302 Cornelio
1503 2263 1568 2301 Ar-

332 2391 355 2432 S
380 2390 646 2432 XX1.F101.1‚
684 2401 733 2431 ις.
761 2391 857 2426 Ausi.
885 2392 923 2425 de
947 2394 1014 2425 vir.
1037 2392 1084 2425 ¹111.
1109 2405 1138 2426 c.
1208 2393 1328 2426 Vell.
1353 2404 1382 2433 1,
1411 2404 1449 2434 14
1492 2393 1563 2426 Cic.

285 2434 325 2467 de
345 2435 408 2478 leg
435 2446 473 2478 3,
500 2446 529 2478 3.
558 2435 592 2467 L.
640 2437 692 2477 ,ς
720 2446 770 2478 30.
790 2436 825 2467 ff.
851 2436 890 2469 de
914 2436 972 2469 off.
999 2436 1073 2468 Jud.
1101 2437 1121 2479 §
1153 2436 1259 2469 XXII.
1287 2437 1377 2483 Epit
1404 2437 1483 2471 Liv.
1513 2449 1564 2472 ιι.

286 2478 426 2514 Festus
421 2491 454 2513 m
478 2491 564 2514 voce
581 2480 730 2515 Sacrame
723 2488 840 2514 ntum
870 2480 955 2514 Plin.
989 2480 1062 2515 hist.
1091 2490 1159 2515 nat.
1183 2491 1224 2523 7,
1240 2492 1296 2524 41.
