1701 3008
299 223 389 284 296
457 220 547 266 JO.
585 219 1085 268 FREINSHEMII
1133 223 1489 272 SUPPLEM.

299 327 348 366 ad
377 327 565 366 exercitus
581 334 776 364 venerunt.
798 325 875 364 Sub
897 326 937 364 id
954 336 1106 377 tempus
1129 342 1207 368 non
1230 337 1309 369 tam
1326 339 1586 379 commutata,

297 404 411 440 quam
430 391 546 439 magis
564 390 738 428 adstricta
759 390 841 437 ejus
866 389 956 428 belli
978 393 1075 430 ratio
1098 392 1160 431 est.
1186 393 1376 442 Romani,
1395 396 1447 433 uti
1470 396 1586 445 paulo

298 466 386 491 ante
408 453 639 490 narravimus
660 482 670 499 ,
698 451 807 502 supra
838 453 1001 503 Erycem
1035 454 1167 492 urbem
1203 456 1243 493 in
1275 456 1425 495 summo
1456 466 1588 496 monte

297 516 510 565 praeiidium
529 514 834 553 collocaverant:
859 514 961 554 aliud
978 515 1112 566 itidem
1128 516 1225 554 infra
1246 517 1382 555 urbem
1399 519 1440 556 in
1455 518 1588 556 radice

299 576 454 614 montis.
473 575 637 614 munitio
662 586 842 625 praeterea
870 575 1032 626 situsque
1058 575 1162 621 loci,
1180 588 1270 615 cum
1295 577 1475 616 custodiae
1492 577 1587 617 tales

300 637 553 683 accederent,
580 636 695 675 facile
720 637 959 683 efficiebant,
985 650 1033 676 ne
1061 638 1151 687 quid
1170 639 1202 676 ei
1222 637 1308 677 urbi
1334 640 1585 680 metuendum

298 698 500 736 videretur.
525 698 600 738 Sed
623 698 782 737 audacia
800 699 1051 748 Hamilcaris,
1067 699 1166 738 nihil
1186 699 1333 739 homini
1356 701 1586 752 impervium

297 757 370 797 effe
392 758 516 808 passa,
542 758 647 808 quod
675 759 827 809 aggredi
858 758 1051 806 libuiffet‚
1079 772 1161 798 rem
1191 767 1339 799 tantam
1367 756 1584 801 brevissimo

295 826 473 868 tempore
502 819 672 868 perfecit.
724 819 799 860 [lle
831 821 932 858 enim
965 823 1080 859 noctu
1110 833 1200 859 cum
1230 822 1350 872 copiis
1379 821 1589 872 appulsus,

299 882 334 920 3<
361 880 558 919 ascensum
587 881 790 919 stadiorum
814 882 969 931 triginta
994 881 1140 922 filentio
1171 884 1374 933 emensus,
1400 897 1492 937 cum·
1506 882 1586 935 ipse

298 953 385 981 ante
408 956 546 992 agmen
572 941 726 980 suorum
753 943 931 993 princeps
953 943 1169 992 incederet,
1193 957 1264 983 nec
1291 946 1490 995 opinantes
1518 958 1586 996 op-

296 1005 451 1056 preslit:
474 1005 686 1054 majorique
709 1013 815 1055 parte
831 1018 978 1053 eorum,
1000 1006 1067 1055 qui
1092 1006 1131 1043 in
1145 1006 1238 1045 urbe
1253 1007 1394 1057 reperti
1410 1007 1587 1055 fuerant,

298 1066 520 1113 interfefta,
551 1075 698 1103 ceteros
726 1065 948 1116 Drepanum
979 1067 1212 1107 amandavit.

353 1129 393 1168 L.
438 1128 493 1167 Ex
528 1140 574 1166 eo
603 1136 780 1178 tempore
815 1130 910 1168 mira
946 1128 1064 1168 facies
1099 1142 1223 1169 rerum
1253 1131 1288 1169 ἃ
1315 1129 1427 1170 valde
1459 1131 1587 1171 severa

300 1190 434 1229 militia
465 1190 550 1229 fuit.
600 1191 701 1230 Nam
736 1190 932 1231 Hamilcar
966 1192 1062 1231 inter
1099 1192 1176 1231 duo
1215 1193 1384 1244 praefidia
1418 1193 1585 1234 hostium

298 1253 449 1291 medius
466 1283 480 1298 ,
496 1251 542 1290 ab
566 1251 745 1290 inferiore
771 1251 1037 1299 obsidebatur,
1066 1264 1157 1292 cum
1189 1253 1267 1303 ipse
1293 1253 1451 1295 viciffim
1480 1254 1586 1305 supe»

298 1316 375 1352 rius
391 1314 592 1352 obsideret.
629 1312 873 1363 Romanique
893 1315 1032 1364 pariter
1054 1315 1265 1366 Poenique,
1281 1315 1450 1355 toleratis
1471 1315 1586 1355 labo·—

297 1377 402 1415 ribus
433 1379 467 1416 ἅτ
492 1375 671 1427 periculis
695 1375 1009 1425 incredibilibus,
1042 1390 1131 1416 cum
1160 1378 1199 1416 in
1225 1386 1332 1417 tanta
1357 1378 1495 1417 vicinIa
1525 1392 1607 1427 ca·-

297 1438 457 1477 strorum
475 1437 578 1476 nulla
602 1451 682 1476 non
708 1439 789 1477 dies
808 1438 925 1476 modo
942 1469 952 1486 ‚
972 1438 1036 1477 sed
1059 1452 1107 1477 ne
1121 1437 1217 1477 hora
1243 1439 1398 1489 quidem
1415 1469 1426 1487 ,
1444 1448 1508 1478 aut
1525 1440 1584 1479 di-

300 1501 476 1540 scrimine
506 1500 633 1551 proelii
660 1509 724 1540 aut
753 1512 859 1540 metu
892 1512 1067 1549 vacaret3
1099 1501 1387 1541 fortiffimorum
1415 1503 1585 1550 virorum

300 1576 415 1613 opera
444 1577 510 1613 per
536 1565 753 1614 proximum
779 1564 899 1602 ferme
928 1564 1124 1603 biennium
1148 1565 1375 1604 ediderunt:
1405 1578 1482 1603 non
1501 1565 1584 1606 feffi

300 1624 554 1674 cedentesque
587 1626 752 1663 invicem
771 1656 782 1673 ,
807 1639 931 1676 neque
957 1626 1021 1664 sua
1045 1634 1109 1665 aut
1133 1627 1288 1666 victoria
1310 1634 1376 1665 aut
1399 1626 1510 1677 clade
1528 1629 1586 1666 di-

298 1688 436 1734 reniti,
466 1685 528 1724 sed
562 1687 609 1724 ad
633 1695 850 1726 extremum
875 1701 981 1737 pares
1007 1688 1214 1738 invictique
1230 1718 1240 1735 ,
1271 1690 1306 1727 &z
1335 1688 1461 1726 navali
1485 1689 1584 1727 inte-

298 1751 368 1789 rim
395 1764 525 1802 pugna
550 1751 705 1790 decreto
732 1750 847 1790 bello.
883 1752 1020 1791 lisdem
1038 1751 1258 1790 consulibus
1275 1751 1526 1790 Brundulium
1543 1752 1583 1791 in

300 1825 388 1861 agro
421 1811 630 1850 Sallentino
666 1811 817 1850 colonia
854 1812 1018 1851 deducla
1047 1812 1120 1859 est,
1149 1810 1369 1849 vicelimum
1401 1811 1484 1861 post
1510 1825 1583 1850 an·-

298 1886 391 1913 num
405 1904 413 1918 ,
432 1887 545 1923 quam
560 1874 599 1912 in
620 1875 858 1914 deditionem
879 1876 1050 1925 regiones
1067 1875 1140 1914 istae
1157 1881 1352 1914 venerant.
1383 1874 1460 1914 Sub
1476 1875 1581 1914 idem

299 1944 448 1986 tempus
473 1937 532 1976 Ti.
557 1937 797 1978 Coruncanio
813 1970 823 1986 ,
852 1939 916 1989 qui
943 1940 1087 1989 primus
1114 1952 1158 1977 ex
1175 1938 1286 1988 plebe
1312 1939 1580 1979 Pontificatum

300 1998 512 2036 maximum
548 1999 726 2049 gesserat,
752 2001 790 2039 in
821 2008 991 2039 extrema
1021 2000 1170 2040 senecta
1200 2008 1374 2048 mortuo,
1403 2001 1443 2040 L.
1467 2000 1582 2039 Caeci-

300 2058 374 2098 lius
411 2059 590 2099 Metellus
617 2061 654 2099 in
679 2061 809 2101 locum
841 2065 923 2112 ejus
944 2063 1065 2102 factus
1091 2063 1153 2101 est.
1190 2062 1336 2102 Interea
1363 2061 1579 2101 consulatus

299 2121 434 2160 Roma:
462 2121 503 2160 C.
528 2122 730 2162 Fundanio
755 2124 796 2163 C.
826 2124 863 2163 F.
894 2125 1016 2174 QN.
1047 2123 1247 2172 Fundulo,
1279 2123 1321 2164 C.
1340 2124 1509 2174 Sulpicio
1535 2124 1578 2163 C.

300 2182 340 2223 F.
368 2184 440 2222 Ser.
476 2184 527 2222 N.
554 2183 662 2223 Gallo
693 2186 908 2225 mandatur.

355 2243 413 2281 LI.
444 2244 545 2282 Tum
579 2258 730 2295 quoque
764 2248 841 2296 pari
874 2248 995 2286 forma
1030 2249 1064 2287 ἃ
1092 2247 1273 2294 fortuna,
1300 2253 1344 2285 ut
1366 2246 1575 2295 haetenus,

302 2304 446 2343 bellum
484 2319 571 2346 cum
610 2307 827 2347 Hamilcare
864 2309 1007 2359 gestum
1043 2309 1116 2346 est:
1139 2308 1206 2346 nisi
1238 2308 1342 2358 quod
1379 2308 1575 2348 Gallorum

302 2367 532 2406 mercenaria
568 2380 716 2415 manus,
744 2368 880 2418 aliique
912 2368 1107 2417 nonnulli,
1137 2368 1200 2419 qui
1227 2369 1351 2408 Poenis
1384 2369 1575 2409 militave-

349 2492 371 2526 ε
404 2492 521 2524 mx.
551 2491 631 2524 Fasti
661 2492 805 2536 Capitol.
836 2468 955 2538 Polyb.
985 2494 1126 2527 Diodor.
1152 2495 1173 2538 ς
1204 2495 1354 2531 L.Ve11.
1389 2508 1430 2538 ι,
1458 2508 1517 2538 ¹4,
1541 2495 1573 2530 s,

301 2533 377 2567 Liv.
405 2536 495 2579 Fpit·
522 2547 571 2579 19.
604 2537 696 2581 Pigh.
722 2538 840 2572 Annal.
859 2550 900 2572 ex
926 2539 998 2572 Cic.
1023 2539 1095 2572 Cat.
1119 2540 1259 2584 majore.
