1701 3008
286 183 377 246 12'4
445 184 534 232 JO.
582 179 1083 229 FREINSHEMH
1122 181 1468 230 SUPPLEM.

280 291 373 331 liam
408 291 588 341 trajecit:
627 288 826 340 postquam
861 286 1084 335 biennium,
1124 289 1160 328 δε
1197 288 1343 329 menses
1364 297 1562 341 ‚praeterea

285 360 446 404 quatuor
461 382 471 400 ‚
492 351 532 389 in
557 349 666 390 Italia
686 348 824 388 fuiffet.
850 346 1047 387 Deductus
1071 362 1092 387 a
1116 348 1362 400 Thoenione‚
1388 353 1452 402 qui
1477 364 1567 390 cum

282 414 441 454 navibus
474 418 710 459 occurrerat,
742 412 985 461 maximaque
1021 410 1237 450 Siculorum
1267 411 1461 451 alacritate
1497 426 1572 452 ex-

284 483 415 525 ceptus
434 472 513 519 est,
541 471 684 522 oppida
709 470 797 518 sua,
824 472 955 522 copias
970 502 981 520 ‚
1004 471 1210 522 pecunias,
1233 485 1348 512 naves
1364 504 1375 522 ‚
1393 474 1566 512 certatim

283 535 529 576 tradentium.
567 534 735 584 Ideoque
767 533 1170 578 Graecarum,urbium
1201 537 1374 574 omnium
1406 536 1566 585 imperio

283 598 387 638 brevi
418 598 590 648 potitus,
617 595 731 644 etiam
762 596 942 635 Punicam
982 595 1167 636 ditionem
1212 597 1424 637 universam
1455 597 1567 637 armis

283 661 476 698 obtinuit:
507 672 582 698 una
605 666 766 708 excepta
791 657 884 697 urbe
910 657 1170 709 Lilybaetana,
1196 673 1310 710 quam
1343 662 1568 711 opportuni-

284 730 361 770 tate
392 720 478 758 {itus
501 719 621 768 adjuti
646 718 975 769 Carthaginienses
993 749 1004 767 ,
1026 720 1285 771 nequidquam
1318 730 1567 772 oppugnante

283 779 423 832 Pyrrho
440 811 451 828 .,
468 779 693 819 retinebant.
736 779 849 820 Unde
877 792 955 818 non
977 779 1117 830 absque
1140 781 1247 819 causa
1279 781 1361 832 spes
1391 784 1566 833 ingentes

283 845 412 884 animo
429 841 655 892 complexus
671 872 682 889 ,
704 841 844 881 relictis
873 844 1043 882 maximo
1063 843 1232 884 filiorum
1258 847 1387 896 patriis
1403 846 1563 897 opibus,

285 918 334 945 ex
364 904 515 944 duobus
542 902 722 952 reliquis,
749 902 899 955 Regem
924 904 1089 944 alterum
1114 905 1258 955 Italiae,
1286 906 1450 947 alterum
1475 908 1568 948 Sici-

280 967 340 1008 liae
367 966 595 1006 constituere
619 965 800 1015 agitabat.

338 1029 389 1070 Π.
412 1028 500 1068 Erat
522 1027 680 1066 omnino
702 1027 820 1077 Regis
845 1026 949 1066 istius
973 1040 1016 1066 ea
1035 1025 1259 1077 tempestate
1282 1038 1421 1077 magna
1440 1023 1564 1074 fama,

284 1100 507 1140 maguaeque
547 1090 729 1126 virtutes:
767 1090 802 1124 δε
829 1089 948 1123 Siculi
976 1096 1045 1134 per
1068 1098 1188 1128 annos
1222 1089 1310 1128 sane
1339 1087 1479 1127 multos
1506 1101 1567 1126 ex-

286 1161 390 1191 terna
417 1147 524 1188 simul
554 1160 598 1187 ac
628 1146 754 1186 civilia
786 1145 910 1193 bella,
940 1147 976 1186 &
1005 1148 1205 1185 nocentius
1231 1151 1398 1199 utrisque
1422 1149 1566 1189 malum

285 1212 528 1264 tyrannidem
550 1209 665 1260 paffi,
682 1208 744 1246 vel
772 1208 1009 1247 mediocrem
1037 1208 1207 1259 aliquem
1238 1210 1452 1261 Principem
1485 1225 1565 1262 gra-

284 1274 452 1315 tantibus
478 1270 615 1310 animis
644 1268 756 1308 laturi
787 1268 1025 1309 videbantur.
1078 1270 1153 1310 Sed
1179 1279 1308 1310 tamen
1341 1272 1419 1321 ipse
1448 1271 1564 1322 paulo

285 1336 371 1390 post
404 1334 451 1374 ad
477 1331 682 1382 exigendas
700 1329 748 1369 ab
775 1330 904 1369 invitis
929 1331 1136 1381 pecunias,
1155 1334 1190 1370 ὃς
1212 1332 1474 1382 potentiorum
1497 1345 1568 1374 caz-

289 1402 355 1440 des
386 1396 538 1443 versus,
570 1394 703 1434 odium
740 1395 910 1433 immane
938 1394 1148 1434 concitavit
1173 1409 1181 1434 :
1213 1396 1330 1435 etiam
1353 1396 1568 1435 accedenti-

286 1464 360 1502 bus
392 1458 668 1511 cupiditatibus
705 1459 741 1497 δε
777 1460 993 1509 arrogantia
1022 1459 1307 1508 ministrorum,
1338 1471 1501 1509 quorum
1533 1458 1567 1496 ei

287 1525 376 1564 vitia
401 1535 478 1562 non
511 1521 634 1559 minus
666 1517 816 1567 ubivis,
845 1533 959 1570 quarn
986 1520 1056 1559 sua'
1084 1528 1311 1560 nocuerunt.
1346 1521 1453 1560 Adeo
1484 1519 1568 1570 post

287 1585 455 1635 primam
479 1579 585 1618 illam
616 1580 650 1618 ἃ
680 1578 911 1628 praecipuam
938 1590 1069 1617 curam
1086 1609 1096 1627 ,
1123 1586 1165 1617 ut
1187 1579 1250 1629 ipsi
1280 1593 1394 1629 quam
1425 1579 1562 1630 optimi

289 1647 385 1691 sint,
416 1640 522 1682 nulla
549 1647 614 1679 aut
644 1639 793 1689 dignior
826 1648 891 1678 aut
924 1639 1110 1679 salubrior
1139 1640 1211 1679 effe
1238 1641 1404 1691 Regibus
1423 1640 1568 1683 'sollici-

291 1707 386 1746 tudo
409 1704 555 1756 potest,
579 1714 693 1753 quam
715 1711 759 1740 ut
784 1701 927 1740 amicos
952 1714 1000 1741 ex
1027 1703 1165 1741 virtute
1190 1703 1383 1753 deligant:
1412 1703 1565 1771 quando

287 1769 384 1807 inter
408 1766 573 1817 privatos
598 1763 648 1803 ob
676 1762 782 1802 suam
815 1761 972 1813 quisque
1005 1763 1160 1813 culpam
1187 1763 1320 1802 exosus
1350 1764 1427 1812 est,
1463 1763 1566 1813 prin-

291 1829 439 1881 cipibus
476 1828 591 1867 etiam
616 1825 739 1889 aliena
762 1833 917 1876 peccata
944 1825 1189 1875 imputantur.
1231 1826 1304 1865 Sed
1330 1825 1410 1865 baec
1438 1825 1566 1893 postea

289 1892 417 1930 secuta
444 1888 543 1928 sunt.
582 1875 683 1927 Tur'n
705 1898 794 1925 vero
820 1884 1030 1923 calentibus
1059 1884 1186 1924 adhuc
1212 1885 1367 1924 studiis.
1396 1885 1565 1936 primum

287 1966 308 1992 a
334 1949 736 1992 Taurominitanorum
776 1947 949 1998 principe
978 1946 1224 1998 Tyndarione
1249 1925 1370 1994 <nani
1396 1959 1439 1985 ea
1460 1956 1566 1996 parte.

289 2014 419 2054 ins-ulae
444 2013 610 2064 primum
636 2009 861 2063 appulerat)
889 2021 979 2048 mox
1008 2022 1029 2048 a
1053 2008 1258 2048 Catanense
1280 2007 1424 2059 populo
1447 2008 1566 2046 maxi-

291 2078 363 2116 mis
395 2073 606 2114 honoribus
632 2081 810 2123 acceptus
842 2069 1064 2120 cultusque,
1093 2081 1180 2110 cum
1208 2070 1368 2121 pedestri
1395 2068 1563 2108 exercitu

292 2136 491 2188 Syracusas
515 2133 642 2175 versus
675 2132 865 2186 processit.
907 2131 1068 2172 Class'em
1095 2130 1200 2170 haud
1223 2129 1359 2181 procul
1386 2128 1561 2167 litoribus

293 2200 529 2238 circumduci
552 2197 679 2247 jussit,
707 2207 878 2247 paratam
903 2194 1219 2243 instructamque:
1250 2204 1322 2230 nec
1349 2190 1450 2229 enim
1472 2191 1564 2230 citra

293 2263 419 2313 proelii
450 2261 652 2300 discrimen
685 2260 830 2298 aditum
868 2257 916 2297 ad
950 2254 1220 2308 Syracusanam
1252 2253 1387 2293 urbem
1421 2253 1562 2292 daturae

296 2322 663 2374 Carthaginienssum
689 2333 803 2360 naves
825 2319 1073 2359 videbantur.'

292 2488 333 2521 D
345 2444 387 2483 S
386 2443 437 2522 ¹1⁸·
444 2440 519 2475 l'iv
548 2440 638 2486 Epir.
665 2452 717 2483 14·
735 2440 878 2485 Appian.
897 2437 1000 2471 Diod.
1022 2436 1091 2469 Ecl
1116 2435 1195 2469 Just.
1226 2445 1339 2479 23,2.
1358 2435 1381 2480 S
1406 2433 1446 2469 11.
1469 2432 1560 2468 Plut-

328 2499 407 2532 ron)
