1701 3008
315 212 407 276 348
695 210 1256 258 T1T1L1V11

309 321 364 369 ad
392 337 460 367 res
488 318 713 367 sociorum
742 317 1072 380 inspiciendas3
1107 316 1271 380 quibus
1301 316 1332 363 fi
1366 316 1593 367 videretur

308 394 441 456 digna
472 392 625 446 causa,
656 393 705 438 &
734 389 978 436 Hannibali
1007 390 1348 449 denuntiarent,
1376 405 1426 438 ut
1445 391 1499 438 ab
1519 394 1592 439 Sa-

305 464 502 527 guntinis
518 500 532 523 ‚
561 463 691 510 sociis
711 461 871 525 populi
893 461 1114 520 Romani,
1136 461 1398 521 abstineret,
1416 463 1465 509 &
1484 463 1594 509 Car-

304 538 527 599 thaginem
552 537 597 582 in
619 535 817 582 Africam
849 535 1135 598 trajicerent,
1163 553 1214 584 ac
1242 535 1470 584 sociorum
1503 554 1593 599 po-

303 610 398 671 puli
422 609 617 657 Romani
647 609 953 671 querimonias
979 608 1216 656 deferrent.
1252 610 1348 657 Hac
1366 609 1592 674 legatione

303 681 511 741 decreta,
544 682 738 729 necdum
766 681 886 726 missa
904 717 918 738 ,
950 680 1152 727 omnium
1189 681 1263 745 spe
1297 682 1483 729 celerius
1509 683 1592 729 Sa-

301 766 492 815 guntum
514 754 768 818 oppugnari
799 754 980 799 allatum
1005 753 1078 799 est.
1116 754 1250 801 Tunc
1271 754 1408 800 relata
1437 771 1493 801 ex
1519 754 1593 801 in-

300 837 429 888 tegro
458 843 525 873 res
556 827 611 872 ad
641 826 853 873 senatum.
886 825 1003 882 Alii,
1032 825 1295 888 provincias
1329 826 1592 874 consulibus

299 897 559 960 Hispaniam
584 910 717 961 atque
735 897 933 944 Africam
962 897 1250 944 decernentes
1270 933 1284 955 ,
1314 910 1431 944 terra
1453 898 1593 944 mari-

299 987 388 1033 que
419 988 514 1017 rem
550 970 785 1033 gerendam
803 969 1068 1016 censebant:
1094 969 1168 1015 alii
1194 982 1343 1016 totum
1363 969 1409 1015 in
1429 969 1590 1025 Hispa-

299 1043 422 1090 niam
454 1043 844 1107 Hannibalemque
880 1042 1173 1090 intendebant
1206 1041 1388 1090 bellum.
1424 1045 1590 1100 Erant,

300 1115 380 1179 qui
401 1133 497 1162 non
517 1128 684 1163 temere
704 1117 978 1164 movendam
997 1133 1091 1163 rem
1114 1127 1278 1163 tantam
1297 1152 1310 1174 ‚
1331 1116 1588 1179 exspe&an-

298 1187 471 1251 dosque
492 1206 548 1235 ex
574 1189 788 1252 Hispania
808 1190 978 1253 legatos
1000 1189 1243 1237 censerent.
1275 1192 1387 1238 Haec
1411 1191 1588 1241 senten-

297 1259 360 1306 tia
380 1295 394 1317 ,
429 1278 531 1324 quae
560 1261 775 1308 tutiffima
802 1262 1038 1310 videbatur
1057 1298 1071 1321 ‚
1105 1262 1245 1310 vicit:
1278 1263 1496 1328 legatique
1528 1281 1588 1312 eo

297 1336 516 1383 maturius
547 1337 691 1397 missi,
722 1339 770 1384 Ρ.
799 1338 1005 1385 Valerius
1039 1338 1221 1385 Flaccus
1246 1340 1296 1386 &
1329 1341 1389 1399 Q.
1412 1340 1588 1388 Baebius

295 1410 587 1472 Tamphilus,
608 1414 855 1476 Saguntum
880 1415 934 1460 ad
964 1414 1291 1470 Hannibalem,
1322 1426 1454 1479 atque
1480 1415 1587 1462 inde

295 1483 618 1548 Carthaginem
638 1520 651 1542 ,
684 1486 715 1532 fi
739 1503 835 1533 non
861 1487 1138 1533 absisteretur
1169 1488 1319 1542 bello,
1348 1488 1403 1534 ad
1424 1488 1586 1537 ducem

293 1554 436 1618 ipsum
466 1557 510 1602 in
542 1575 723 1619 poenam
745 1558 930 1607 foederis
951 1559 1075 1622 rupti
1096 1559 1444 1622 deposcendum.

359 1629 457 1674 Vll.
486 1630 612 1675 Dum
632 1648 682 1677 ea
701 1632 898 1678 Romani
917 1645 1073 1694 parant
1102 1632 1464 1696 consultantque‚
1491 1631 1584 1693 jam

293 1699 537 1763 Saguntum
570 1702 738 1750 summa
758 1704 804 1750 vi
824 1705 1179 1768 oppugnabatur.
1210 1705 1382 1752 Civitas
1409 1722 1459 1751 ea
1479 1705 1584 1752 lon-

291 1789 347 1835 ge
364 1775 691 1837 opulentiffima
712 1778 825 1823 ultra
853 1779 1027 1824 Iberum
1058 1778 1164 1837 fuit,
1194 1778 1271 1824 fita
1292 1778 1433 1841 passus
1460 1778 1584 1826 mille

286 1844 431 1892 ferme
453 1865 478 1893 a
497 1849 621 1895 mari.
650 1850 847 1896 Oriundi
868 1869 890 1906 a
912 1852 1157 1915 Zacyntho
1181 1851 1321 1898 insula
1341 1852 1580 1911 dicuntur,

293 1920 512 2002 mixtique
534 1922 668 1968 etiam
688 1924 743 1970 ab
772 1925 915 1971 Ardea
941 1925 1215 1971 Rutulorum
1241 1924 1423 1989 quidam
1444 1943 1583 1989 gene-

292 1994 367 2041 ris.
411 2009 609 2044 ceterum
641 1999 689 2044 in
721 2012 863 2046 tantas
893 2000 1023 2046 brevi
1060 2013 1294 2047 creverant
1329 2016 1468 2063 opes,
1506 2000 1582 2048 seu

292 2067 553 2128 maritimis,
590 2070 663 2117 seu
696 2072 974 2119 terrestribus
1000 2072 1248 2129 fructibus,
1278 2071 1352 2118 seu
1376 2073 1580 2119 multitu-

293 2141 410 2189 dinis
431 2142 712 2192 incremento
732 2182 746 2204 ,
767 2146 839 2193 seu
870 2147 1096 2193 sanititate
1128 2146 1372 2208 disciplinae
1388 2182 1401 2204 ‚
1421 2164 1506 2209 qua
1525 2145 1580 2192 fi-

293 2214 396 2261 dem
426 2215 632 2265 socialem
652 2220 790 2284 usque
820 2221 874 2268 ad
901 2220 1144 2282 perniciem
1173 2219 1291 2265 suam
1317 2219 1581 2269 coluerunt.

288 2287 544 2346 Hannibal,
581 2291 740 2338 infesto
767 2293 970 2342 exercitu
1004 2293 1215 2356 ingressus
1243 2290 1383 2348 fines,
1417 2309 1577 2354 perva-

289 2358 413 2406 statis
440 2362 592 2422 passim
612 2364 725 2426 agris
738 2400 752 2422 ‚
771 2365 928 2411 urbem
946 2365 1171 2427 tripartito
1191 2364 1457 2426 aggreditur.
1474 2366 1574 2410 Ana

291 2432 423 2495 gulus
438 2435 555 2481 muri
573 2448 665 2482 erat
682 2438 727 2482 in
747 2438 993 2499 planiorem
1014 2436 1398 2500 patentioremque
1411 2473 1425 2495 ‚
1439 2454 1577 2499 quam

289 2516 437 2554 cetera
465 2507 612 2569 circa,
639 2508 804 2561 vallem
829 2526 1031 2576 vergens.
1059 2510 1266 2563 adversus
1295 2527 1398 2559 eum
1422 2510 1578 2561 vineas
