1701 3008
288 232 321 282 4
640 206 1201 263 T1T1L1V11

285 338 521 394 pugnant,
555 324 834 373 inflammant
869 323 1012 380 tefia,
1045 319 1285 366 hominum
1318 317 1568 382 pecudum·

287 419 379 466 que
409 400 578 464 praedas
609 408 770 462 agunt,
791 397 842 443 &
866 393 1102 442 dulcedine
1134 391 1364 459 praedandi
1393 392 1574 455 longius

290 473 429 537 usque
448 488 473 517 a
492 469 680 518 navibus
699 465 969 531 procedunt.
994 469 1104 513 Haec
1120 466 1199 511 ubi
1219 464 1451 512 Patavium
1475 465 1576 510 sunt

290 545 492 594 nuntiata
508 580 521 602 ,
547 542 569 608 (
591 543 760 604 semper
786 553 936 588 autem
956 557 1036 588 eos
1056 540 1102 585 in
1121 539 1257 586 armis
1279 538 1447 587 accolae
1468 537 1576 584 Gal-

289 621 325 667 li
355 615 613 680 habebant)
634 615 680 662 in
712 616 819 662 duas
850 626 997 678 partes
1034 613 1318 676 juventutem
1348 611 1573 676 dividunt.

290 692 430 740 altera
456 690 503 736 in
537 689 800 751 regionem,
829 703 916 751 qua
954 684 1089 733 effusa
1124 684 1363 748 populatio
1397 683 1578 730 nuntia-

286 765 450 818 -batur3
480 760 646 818 altera,
674 775 729 805 ne
762 759 833 805 cui
867 757 1132 821 praedonum
1163 755 1305 803 obvia
1335 753 1486 811 fieret,
1515 754 1580 802 al-

293 848 394 883 tero
415 834 573 880 itinere
591 833 645 880 ad
662 828 1094 881 stationemnavium
1117 827 1286 891 (millia
1308 839 1454 874 autem
1469 842 1579 889 qua·
1620 846 1622 851 ’

293 907 548 956 tuordecim
576 905 630 951 ab
659 903 832 967 oppido
862 899 1047 966 aberat)
1068 901 1208 948 dubia.
1247 904 1294 947 ln
1316 915 1456 947 naves
1476 914 1580 961 par-

295 999 406 1038 vaS,
441 979 695 1028 custodibus
729 976 1003 1034 interemtis,
1029 976 1219 1038 impetus
1253 973 1421 1030 fa&us;
1453 971 1580 1019 terri-

297 1058 424 1121 tique
455 1065 602 1100 nautae
625 1063 851 1115 coguntur
874 1065 1011 1098 naves
1037 1048 1084 1094 in
1115 1048 1297 1095 alteram
1324 1046 1464 1110 ripam
1485 1064 1581 1094 am-

297 1131 368 1177 nis
388 1125 659 1188 transjicere.
696 1126 746 1171 &
770 1123 817 1169 in
848 1134 964 1169 terra
990 1120 1254 1185 prosperum
1280 1137 1405 1184 aeque
1427 1120 1473 1167 in
1505 1138 1585 1183 pa-

298 1205 416 1252 latos
438 1200 710 1264 praedatores
732 1197 946 1261 proelium
965 1196 1108 1244 fuerat
1128 1215 1138 1243 :
1171 1194 1582 1260 refugientibusque

299 1277 355 1324 ad
384 1273 619 1321 stationem
651 1271 822 1318 Graecis
850 1269 1015 1316 Veneti
1049 1267 1278 1316 obsistunt.
1314 1271 1378 1314 Ita
1409 1268 1455 1314 in
1489 1284 1585 1314 me-

299 1349 381 1396 dio
407 1344 706 1395 circumventi
732 1343 877 1390 hostes
899 1343 1111 1406 caefique3
1130 1357 1239 1406 (pars
1262 1341 1380 1404 capti
1409 1341 1585 1401 claffem

302 1422 505 1470 indicant
533 1433 773 1482 regemque
806 1416 1120 1480 Cleonymum
1147 1413 1230 1460 tria
1258 1412 1398 1459 millia
1431 1413 1586 1461 abesse.

306 1494 442 1550 Inde,
475 1489 667 1553 captivis
696 1487 908 1550 proximo
938 1486 1048 1533 vico
1079 1485 1124 1532 in
1162 1485 1406 1532 custodiam
1441 1485 1552 1531 datis
1569 1520 1586 1542 ‚

307 1580 409 1628 pars
434 1561 673 1610 fluviatiles
700 1568 865 1616 naves,
899 1559 955 1604 ad
987 1557 1230 1621 superanda
1261 1558 1375 1606 vada
1408 1557 1588 1620 stagno-

309 1653 410 1684 rum
430 1646 531 1698 apte
556 1632 698 1696 planis
723 1632 862 1678 alveis
892 1632 1151 1690 fabricatas,
1178 1648 1279 1693 pars
1308 1630 1486 1693 captiva
1515 1647 1589 1676 na-

311 1707 430 1770 vigia
461 1704 639 1752 armatis
678 1703 920 1766 complent.
968 1702 1246 1766 profeffique
1290 1703 1344 1749 ad
1380 1702 1553 1749 classem
1575 1736 1590 1760 ,

314 1777 569 1826 immobiles
599 1791 762 1833 naves,
788 1776 837 1821 &
864 1774 966 1820 loca
995 1773 1148 1836 ignota
1182 1775 1279 1836 plus
1298 1810 1313 1831 ,
1341 1790 1475 1836 quam
1503 1773 1591 1818 ho-

316 1853 422 1900 stem
440 1887 454 1909 ,
474 1850 678 1896 timentes
691 1884 705 1906 ,
725 1847 1068 1895 circumvadunt
1090 1863 1101 1892 ε
1130 1846 1434 1910 fugientesque
1461 1846 1506 1891 in
1527 1846 1593 1892 al-

316 1936 414 1970 tum
448 1921 616 1978 acrius,
647 1936 779 1983 quam
813 1930 1138 1981 repugnantes,
1167 1918 1303 1980 usque
1341 1918 1395 1964 ad
1431 1917 1595 1964 ostium

318 1995 461 2043 amnis
491 1993 734 2056 persecuti,
762 1992 901 2053 captis
925 1990 1184 2054 quibusdam
1212 1989 1486 2053 incensisque
1511 2007 1595 2036 na-

319 2067 457 2114 vibus
483 2064 704 2121 hostium,
733 2078 840 2125 quas
871 2061 1107 2124 trepidatio
1137 2062 1183 2107 in
1213 2062 1328 2107 vada
1356 2060 1594 2120 intulerat,

324 2137 524 2186 vi&ores
545 2146 846 2183 revertuntur.
877 2132 1162 2197 Cleonymus
1180 2168 1192 2191 ,
1214 2134 1296 2181 vix
1317 2134 1470 2195 quinta
1498 2150 1598 2194 par-

321 2222 366 2256 te
397 2209 581 2257 navium
609 2207 860 2264 incolumi,
886 2205 1005 2252 nulla
1030 2198 1215 2268 regione
1244 2205 1376 2251 maris
1407 2205 1595 2250 Hadria-

324 2281 404 2329 rici
432 2280 643 2343 prospere
672 2278 822 2335 adita,
846 2277 1045 2325 disceffit.
1090 2276 1247 2322 Rostra
1278 2276 1462 2324 navium
1492 2276 1598 2339 spo-

325 2355 473 2418 liaque
495 2357 724 2401 Laconum
738 2387 752 2410 ,
774 2352 821 2397 in
845 2351 938 2396 aede
957 2350 1144 2398 Junonis
1168 2351 1309 2397 veteri
1336 2349 1451 2407 fixa,
1471 2348 1600 2395 multi

320 2426 557 2490 'supersunt
573 2462 586 2484 ,
605 2425 681 2488 qui
702 2424 925 2471 viderunt.
952 2421 1126 2468 Patavii
1149 2435 1492 2469 monumentum
1522 2432 1599 2467 na:

331 2499 446 2551 valis
478 2513 640 2562 pugnae
668 2513 724 2546 eo
757 2496 855 2555 die,
881 2511 974 2559 quo
1010 2508 1255 2559 pugnatum
1288 2496 1373 2553 est,
1405 2506 1599 2558 quotan-
