1701 3008
322 166 386 213 66
657 163 1244 212 T1T1L1V11

325 291 377 320 ac
407 271 580 321 diversa
608 289 803 330 cornua,
834 271 1044 318 dextrum
1072 270 1127 318 ad
1150 270 1288 318 castra
1314 269 1605 337 Samnitium,

324 348 493 395 laevum
523 347 577 393 ad
604 346 760 393 urbem
790 344 949 392 tendit.
986 343 1118 392 Prior
1146 344 1380 408 aliquanto
1409 345 1609 392 Volum-

323 421 427 466 nius
461 417 599 465 castra
631 417 781 480 cepit:
817 417 874 464 ad
900 416 1058 467 urbem
1090 416 1293 478 Scipioni
1313 415 1483 477 majore
1501 417 1609 463 refi-

325 492 452 537 stitur
481 490 558 546 vi3
593 507 690 549 non
720 485 824 554 quia
853 489 952 552 plus
978 489 1113 537 animi
1143 489 1272 537 vistis
1305 488 1396 548 est,
1418 489 1491 536 sed
1512 505 1609 536 me-

325 564 408 610 lius
435 563 584 622 muri,
610 581 744 628 quam
772 563 945 612 vallum
962 598 976 621 ‚
1004 564 1202 609 armatos
1221 573 1387 610 arcent.
1425 562 1530 609 inde
1548 562 1612 609 la-

324 635 502 699 pidibus
529 635 793 699 propulsant
825 634 1015 682 hostem.
1063 635 1217 697 Scipio
1236 670 1251 693 ,
1278 635 1359 681 nifi
1382 634 1429 680 in
1460 634 1610 698 primo

325 726 520 774 pavore,
549 710 806 773 priusquam
840 701 1161 772 colligerentur
1194 709 1362 767 animi,
1398 707 1612 755 transacta
1669 732 1671 735 ·

325 800 398 830 res
429 783 532 830 esset
549 819 564 840 ,
598 782 839 830 lentiorem
872 782 970 830 fore
1004 781 1186 828 munitae
1221 781 1343 828 urbis
1372 798 1613 845 oppugna-

327 856 503 903 tionem
530 868 680 914 ratus,
711 855 959 919 interrogat
990 854 1182 911 milites,
1209 854 1348 898 Satin’
1378 871 1488 913 aequo
1513 851 1613 899 'ani-

327 947 395 973 mo
419 943 660 987 paterentur
675 962 692 984 ,
722 929 774 972 ab
804 931 930 973 altero
965 943 1091 971 cornu
1126 925 1252 989 castra
1280 939 1401 983 capta
1432 922 1506 986 effi
1524 941 1541 969 .·
1562 924 1615 983 fi

329 999 499 1045 vic70res
516 1001 622 1058 pelli
650 1016 677 1042 a
700 1002 836 1058 portis
862 999 1013 1045 urbis?
1051 995 1409 1042 Reclamantibus
1432 993 1615 1039 univer-

327 1069 406 1127 Τις,
430 1068 600 1131 primus
619 1069 736 1131 ipse,
761 1068 887 1122 scuto
913 1069 1043 1129 super
1067 1079 1201 1130 caput
1227 1067 1345 1113 elato
1362 1103 1377 1124 ‚
1398 1065 1542 1129 pergit
1560 1064 1616 1111 ad

332 1132 511 1203 portam
532 1158 542 1186 ε
575 1139 712 1187 secuti
740 1139 842 1199 alii,
862 1138 1090 1185 testudine
1108 1138 1246 1197 faita,
1266 1138 1311 1184 in
1335 1138 1490 1184 urbem
1515 1140 1633 1200 peri

332 1224 549 1276 rumpunt
570 1231 580 1260 :
603 1211 929 1275 deturbatisque
948 1211 1217 1258 Samnitibus
1232 1246 1246 1269 ‚
1267 1209 1344 1274 qui
1374 1209 1488 1257 circa
1509 1224 1616 1272 por-

330 1297 422 1333 tam
449 1298 605 1344 erant,
635 1301 790 1332 muros
818 1300 1115 1350 occupavere.
1156 1295 1387 1347 penetrare
1420 1281 1466 1328 in
1497 1281 1617 1327 inte·-

332 1359 456 1406 riora
474 1358 610 1413 urbis,
629 1357 730 1421 quia
754 1356 886 1420 pauci
902 1357 1147 1404 admodum
1168 1367 1310 1413 erant,
1330 1371 1424 1401 non
1441 1354 1619 1400 audenn

397 1433 535 1479 XLII.
569 1431 678 1477 Haec
706 1430 855 1494 primo
889 1430 1095 1494 ignorare
1125 1426 1307 1487 consul,
1338 1431 1388 1475 δε
1419 1428 1619 1475 intentus

334 1503 597 1566 recipiendo
634 1502 853 1549 exercitui
890 1502 973 1549 effe
1006 1521 1017 1550 ε
1052 1501 1141 1564 jam
1181 1501 1299 1548 enim
1334 1515 1533 1563 praeceps
1570 1499 1619 1546 in

336 1574 544 1624 occasum
577 1575 643 1622 sol
673 1587 794 1633 erat,
830 1578 879 1623 ὅ(
906 1587 1119 1638 appetens
1152 1591 1248 1622 nox
1279 1572 1529 1637 periculosa
1567 1574 1618 1621 &

335 1649 529 1713 suspeffla
557 1649 709 1696 omnia
736 1649 868 1696 etiam
893 1649 1141 1696 vittoribus
1168 1649 1369 1696 faciebat.
1412 1646 1621 1711 Progres-

337 1722 408 1769 sus
438 1721 617 1785 longius
646 1722 702 1767 ab
734 1721 885 1767 dextra
905 1756 918 1779 ‚
949 1721 1087 1767 castra
1124 1734 1248 1782 capta
1280 1719 1436 1766 videt:
1461 1720 1516 1766 ab
1538 1719 1620 1765 lae-

337 1813 397 1844 va
431 1795 674 1841 clamorem
702 1794 747 1840 in
771 1794 881 1841 urbe
910 1793 1102 1840 mixtum
1129 1792 1425 1856 pugnantium
1457 1809 1508 1839 ac
1539 1809 1621 1856 pa-

340 1866 545 1915 ventium
577 1866 756 1914 fremitu
790 1866 887 1913 effe.
943 1868 992 1913 &
1026 1879 1119 1912 tum
1152 1865 1269 1911 forte
1303 1876 1528 1911 certamen
1563 1865 1620 1912 ad

341 1951 516 2002 portam
549 1951 656 1987 erat.
705 1939 928 1986 Advefius
962 1938 1120 1984 deinde
1157 1953 1277 2000 equo
1313 1937 1534 2000 propius,
1569 1948 1622 1985 ut

343 2012 446 2059 suos
482 2012 529 2058 in
571 2012 707 2059 muris
740 2012 897 2069 videt,
931 2027 1014 2057 nec
1056 2009 1143 2072 jam
1180 2009 1339 2073 integri
1377 2009 1620 2073 quidquam

345 2082 429 2128 esse
443 2118 455 2138 ‚
474 2083 688 2144 quoniam
708 2082 955 2129 temeritate
976 2097 1228 2144 paucorum
1247 2097 1418 2142 magnae
1438 2080 1502 2125 rei
1522 2096 1622 2141 par·

345 2166 389 2201 ta
420 2155 599 2201 occasio
632 2155 767 2210 esset,
803 2153 972 2211 acciri,
1001 2170 1109 2215 quas
1143 2160 1401 2214 receperat,
1434 2152 1621 2213 copias,

345 2227 552 2289 signaque
579 2227 624 2271 in
645 2227 798 2273 urbem
820 2225 975 2273 inferri
996 2225 1125 2286 justit.
1146 2223 1321 2286 Ingreffi
1339 2222 1546 2284 proxima
1565 2240 1623 2268 ex

344 2312 497 2363 parte,
518 2300 621 2362 quia
649 2317 743 2346 nox
776 2298 1189 2363 appropinquabat,
1214 2296 1441 2358 quievere.
1491 2296 1623 2342 nocie

346 2371 562 2434 oppidum
586 2373 640 2418 ab
662 2372 862 2419 hostibus
882 2371 1100 2419 desertum
1127 2369 1202 2415 est.
1234 2368 1358 2415 Caesa
1379 2369 1459 2414 illo
1479 2369 1548 2415 die
1568 2367 1624 2414 ad

338 2440 641 2508 'Aquiloniam
664 2444 928 2492 Samnitium
948 2443 1085 2490 millia
1111 2441 1292 2506 triginta
1311 2442 1498 2490 trecenti
1517 2458 1625 2503 qua-
