1701 3008
319 165 380 213 32
702 143 1265 193 T1T1L1V11

315 254 597 304 lumnianum
634 251 881 299 exercitum
920 250 1145 298 Etruriam
1183 251 1412 301 concitam
1448 253 1498 302 in
1533 270 1604 301 ar-

314 348 390 378 ma
411 366 425 387 ‚
446 328 498 375 &
521 325 719 372 Gellium
752 322 991 386 Egnatium
1005 360 1022 381 ,
1041 323 1311 372 Samnitium
1342 324 1530 386 ducemg
1554 328 1606 374 &

316 402 520 451 Umbros
555 397 611 444 ad
643 395 940 443 defeaionem
969 398 1161 456 vocari,
1191 399 1240 446 δέ
1268 399 1427 447 Gallos
1456 400 1608 464 pretio

317 471 493 538 ingenti
528 467 775 517 sollicitari.
816 468 897 515 His
923 469 1093 516 nuntiis
1123 469 1297 519 senatus
1334 472 1608 520 conterritus

315 546 532 612 justitium
561 542 727 601 indici,
756 542 976 590 delectum
1003 543 1152 590 omnis
1171 544 1346 608 generis
1368 545 1607 595 hominum

317 620 474 669 haberi
506 617 640 681 juffit.
686 633 771 665 nec
803 616 988 680 ingenui
1019 618 1164 665 modo
1194 634 1272 666 aut
1305 617 1506 681 juniores
1539 619 1608 666 sa-

318 704 553 744 cramento
583 690 747 746 adath,
772 688 846 736 sed
871 689 1099 738 seniorum
1119 691 1252 738 etiam
1272 692 1487 740 cohortes
1515 691 1608 739 fac-

318 781 406 824 tae,
437 762 725 825 libertinique
764 761 1018 810 centuriati.
1073 763 1123 811 &
1159 761 1451 810 defendendae
1485 763 1609 810 urbis

320 836 509 888 consilia
539 835 848 899 agitabantur3
884 833 1158 898 summaeque
1188 851 1336 882 rerum
1365 846 1532 897 praetor
1562 835 1611 882 P.

320 908 613 973 Sempronius
645 917 849 970 praeerat.
892 906 1107 952 Ceterum
1137 903 1263 969 parte
1294 923 1412 954 curae
1438 923 1610 954 exone·

318 993 480 1033 rai-unt
513 980 710 1026 senatum
740 980 792 1025 L.
817 979 1053 1026 Volumnii
1085 978 1277 1026 consulis
1310 978 1481 1039 literae,
1507 978 1611 1043 qui-

319 1058 406 1105 bus
436 1053 573 1101 caesos
609 1050 816 1113 fusosque
846 1051 1136 1114 populatores
1164 1052 1425 1114 Campaniae
1451 1051 1612 1117 cogni·

320 1141 420 1176 tum
447 1126 526 1173 est.
567 1127 717 1187 ltaque
745 1123 796 1170 &
821 1122 1172 1185 supplicationes
1203 1124 1264 1170 ob
1284 1140 1378 1170 rem
1404 1124 1518 1171 bene
1537 1141 1612 1188 ge-

320 1200 431 1247 stam
459 1195 655 1246 consulis
689 1194 877 1242 nomine
908 1195 1170 1243 decernunt.
1212 1195 1433 1257 justitium
1457 1197 1609 1243 remit-

320 1276 467 1333 titur,
499 1271 625 1336 quod
657 1269 801 1318 fuerat
829 1269 922 1317 dies
958 1270 1113 1317 decem
1142 1272 1192 1319 ὅ(
1225 1272 1361 1330 octo,
1395 1271 1611 1334 supplica·

321 1348 483 1410 tioque
504 1342 685 1407 perlaeta
705 1342 806 1389 fuit.
841 1341 962 1389 Tum
983 1342 1037 1388 de
1056 1343 1264 1405 praefidio
1283 1343 1482 1407 regionis
1495 1379 1510 1402 ‚
1531 1344 1612 1389 de-

322 1416 555 1484 populatae
584 1415 648 1462 ab'
675 1412 948 1461 Samnitibus
964 1450 979 1473 ,
1006 1416 1161 1478 agitari
1193 1427 1411 1479 coeptum.
1459 1419 1613 1479 Itaque

324 1490 498 1556 placuit
515 1525 531 1548 ,
558 1500 610 1535 ut
638 1487 735 1534 duae
763 1487 961 1534 coloniae
991 1488 1109 1536 circa
1131 1489 1377 1537 Vescinum
1402 1491 1452 1537 &
1469 1490 1614 1536 Faler-

326 1582 437 1613 num
468 1579 623 1627 agrum
646 1561 972 1608 deducerentur
990 1580 1002 1608 ε
1025 1579 1115 1609 una
1135 1563 1190 1610 ad
1209 1563 1372 1610 ostium
1392 1563 1507 1611 Liris
1529 1563 1614 1609 flu-

325 1637 426 1692 vii,
453 1652 554 1699 quae
589 1633 837 1680 Minturnae
869 1634 1118 1696 appellata3
1149 1635 1283 1684 altera
1306 1636 1354 1683 in
1379 1636 1490 1684 saltu
1515 1639 1613 1683 Ve-

326 1710 485 1767 scino,
518 1706 754 1754 falernum
791 1707 1083 1771 contingente
1116 1726 1306 1772 agrum,
1334 1710 1413 1757 ubi
1444 1710 1614 1772 Sinope

326 1784 492 1832 dicitur
527 1782 688 1828 Graeca
717 1779 823 1826 urbs
848 1779 999 1839 fuiffe,
1034 1781 1228 1829 Sinuessa
1260 1782 1420 1829 deinde
1453 1782 1509 1828 ab
1535 1798 1613 1828 co-

326 1856 449 1903 ionis
469 1852 688 1901 Romanis
709 1851 943 1916 appellata.
978 1853 1194 1900 Tribunis
1212 1853 1354 1916 plebis
1377 1853 1614 1917 negotium

329 1932 483 1977 datum
514 1927 604 1985 est,
626 1940 676 1974 ut
704 1926 964 1990 plebeiscito
991 1926 1224 1990 juberetur
1254 1930 1301 1976 P.
1322 1928 1615 1990 Sempronius

328 2017 497 2069 praetor
531 2001 798 2049 triumviros
834 2001 881 2046 in
915 2017 964 2046 ea
995 2001 1096 2048 loca
1132 2002 1313 2048 colonis
1344 2000 1616 2048 deducendis

329 2093 496 2125 creare.
543 2091 625 2121 nec
644 2110 658 2132 ‚
691 2073 770 2137 qui
807 2073 993 2120 nomina
1024 2074 1210 2132 darent,
1241 2072 1372 2120 facile
1404 2072 1617 2120 invenie-

329 2150 522 2206 bantur,
550 2146 655 2210 quia
684 2147 729 2192 in
762 2145 997 2192 stationem
1025 2145 1066 2192 se
1093 2163 1237 2209 prope
1265 2158 1525 2207 perpetuam
1547 2145 1614 2191 in-

333 2223 452 2270 festae
482 2220 678 2283 regionis
693 2254 705 2275 ‚
725 2236 820 2265 non
840 2219 886 2265 in
906 2235 1036 2283 agros
1050 2255 1063 2277 ‚
1082 2211 1196 2264 mitti
1218 2218 1443 2265 rebantur.
1472 2220 1615 2265 Aver-

335 2297 388 2342 tit
416 2296 470 2341 ab
501 2295 564 2340 eis
597 2294 714 2341 curis
745 2292 943 2339 senatum
972 2291 1160 2337 Etruriae
1183 2291 1496 2354 ingravescens
1524 2291 1617 2338 bel-

333 2369 454 2426 lum,
477 2369 526 2414 ἃ
556 2366 723 2412 crebrae
753 2366 892 2410 literae
917 2364 1083 2427 Appii,
1110 2362 1362 2423 monentis,
1385 2381 1440 2411 ne
1467 2366 1617 2428 regio·

336 2446 404 2492 nis
432 2443 528 2505 ejus
560 2453 738 2491 motum
771 2441 1070 2509 negligerent:
1104 2458 1282 2503 quatuor
1301 2458 1438 2506 gemes
1457 2440 1615 2500 confer-
