1701 3008
293 217 378 264 IN
425 184 1133 261 Loc.r.113.xv1L1V.
1303 201 1386 265 185

165 326 228 367 VI.
253 325 356 366 Hinc
384 320 598 362 inevitabili
620 317 746 366 malo,
772 317 989 356 divitiarum
1015 313 1218 353 admiratio
1246 308 1392 350 honos-

112 403 188 442 que
204 388 362 429 comitia
381 385 551 436 corrupit
572 382 884 433 magistratuum3
909 380 1091 420 virtutem
1113 377 1287 429 pecuniae
1307 373 1398 413 sub-

112 455 254 503 jectam
277 451 518 498 debilitavit3
545 445 735 499 populum
756 442 1011 483 inflammavit
1030 453 1151 492 opum
1168 437 1395 488 cupiditate,

113 515 375 564 fraudumque
399 514 435 552 δε
466 509 757 550 mendaciorum
784 504 908 545 servili
940 502 1217 543 consuetudine
1236 498 1398 547 infecit;

114 590 274 627 remque
294 574 491 627 publicam'
507 573 644 612 harum
664 581 791 608 rerum
803 567 840 607 se
856 567 980 606 studio
996 574 1117 605 totam
1130 564 1279 604 tradere
1293 573 1401 600 com-

114 638 228 691 pulit.
249 639 346 679 Inde
369 638 472 677 enim
492 632 692 686 proceffit,
710 639 752 670 ut
770 643 894 680 neque
918 630 1009 669 fidei
1030 628 1197 668 multum
1217 627 1257 665 in
1288 626 1402 666 Puni-

118 700 171 739 cis
200 698 437 747 foederibus,
465 700 500 738 δι
523 696 662 736 virium
687 692 930 744 publicarum
966 690 1080 741 longe
1114 689 1286 728 maxima
1313 698 1402 737 pars

115 763 161 801 in
186 761 360 802 classibus
377 760 487 808 effet3
514 756 696 810 pedestris
716 754 855 794 militia
871 785 882 802 ‚
904 752 1020 792 robur
1045 759 1159 802 atque
1184 747 1404 790 firmamen-

118 832 203 863 tum
225 823 349 863 omnis
378 821 554 872 imperii,
578 817 685 864 nullo
715 816 891 868 equestris
919 824 986 855 aut
1012 815 1167 854 modico
1193 815 1234 852 in
1254 812 1402 852 honore

120 886 292 937 usuque:
327 885 478 935 quoties
510 891 607 922 terra
632 880 882 929 bellandum,
910 879 1153 918 mercenariis
1188 877 1310 928 copiis
1343 889 1402 915 res

123 949 341 1001 gereretur3
366 958 527 997 quarum
551 956 679 994 neque
710 942 843 982 caritas
868 941 947 980 ulla
972 941 1012 980 in
1036 939 1338 991 rempublicam,
1367 941 1404 979 δε

123 1010 219 1050 fides
245 1007 417 1064 venalis,
439 1009 474 1048 ἃ
501 1005 690 1046 discordia
707 1004 886 1054 molesta,
909 1006 945 1044 δε
970 1003 1199 1053 conspiratio
1227 1001 1406 1042 terribilis

123 1072 237 1114 esset:
255 1071 352 1111 adeo
373 1068 529 1120 capitali
550 1081 689 1117 errore,
707 1075 751 1107 ut
768 1081 847 1106 non
862 1066 958 1106 alius
978 1065 1108 1114 hostis,
1120 1074 1208 1104 ante
1223 1064 1407 1105 ultimum

125 1135 347 1182 excidium,
371 1145 452 1172 rem
471 1131 655 1171 Punicam
676 1137 755 1169 tam
782 1141 903 1180 prope
927 1127 977 1167 ad
1003 1134 1215 1166 extremam
1234 1124 1410 1175 despera-

122 1199 269 1237 tionem
302 1195 516 1237 adduxerit.
564 1195 702 1244 Neque
735 1193 861 1231 minor
901 1204 947 1230 ex
978 1203 1022 1230 ea
1053 1189 1246 1229 malorum
1279 1187 1412 1239 seges,

126 1261 232 1310 quod
257 1259 322 1309 qui
349 1259 388 1297 in
421 1257 699 1307 magistratibus
730 1257 765 1295 Sc
793 1255 833 1293 in
861 1252 1125 1292 curationibus
1160 1257 1291 1299 erant,
1318 1261 1411 1287 mu-

125 1330 194 1361 tua
223 1318 523 1360 dissimulatione
558 1317 781 1370 peculatum
810 1317 969 1366 impune
993 1313 1224 1354 exercebant
1247 1327 1257 1352 :
1286 1320 1330 1351 ut
1358 1311 1409 1349 fic

128 1398 283 1435 quoque
313 1384 440 1423 minus
467 1382 686 1422 mirandum
713 1379 786 1420 effe
811 1379 1014 1426 videatur,
1037 1379 1062 1418 si
1088 1377 1190 1416 bello
1214 1377 1311 1416 inter
1340 1375 1411 1413 has

127 1449 302 1487 civitates
330 1456 488 1494 exorto,
514 1445 725 1495 superiores
754 1443 922 1484 Romani
949 1443 1132 1490 fuerunt3
1160 1452 1322 1491 quorum
1348 1440 1411 1479 Se-

127 1521 280 1551 natores
294 1511 396 1550 duris
412 1508 649 1559 temporibus
665 1506 773 1546 suam
790 1507 993 1557 pecuniam
1008 1506 1047 1545 in
1062 1504 1264 1555 publicum
1281 1501 1412 1541 confe-

125 1575 277 1622 rebant,
294 1587 382 1613 cum
400 1570 736 1624 Carthaginienses
752 1569 1031 1621 rempublicam
1049 1567 1232 1607 haberent
1245 1564 1414 1616 quaestui.

184 1637 269 1678 VII.
309 1637 384 1678 Sed
410 1635 491 1676 haec
514 1636 606 1675 vitia
641 1647 729 1674 cum
757 1633 839 1685 ipsa
863 1633 957 1673 urbe
983 1631 1234 1672 adoleverunt
1259 1642 1269 1669 ε
1297 1639 1414 1678 quare

130 1700 299 1751 primum
325 1699 483 1749 quidem
511 1706 552 1736 ut
576 1696 727 1736 infirma
763 1698 799 1736 ἃ
833 1696 1014 1743 modica,
1040 1707 1120 1732 non
1145 1705 1244 1742 aegre
1270 1689 1414 1730 tolera-

134 1763 299 1802 bantur:
326 1761 409 1812 post
428 1760 664 1811 aliquamdiu
684 1758 863 1798 sustinere
888 1758 1017 1809 potuit
1039 1756 1191 1807 imperii
1222 1753 1417 1804 magnitu-

135 1826 208 1874 do,
244 1827 280 1865 <Sc
310 1824 466 1874 quidam
497 1821 671 1874 singulari
704 1821 842 1861 virtute
874 1822 1015 1869 duces,
1041 1833 1206 1871 quorum
1243 1817 1413 1857 maxime

139 1898 255 1936 opera
269 1884 455 1935 quidquid
478 1883 668 1923 felicitatis
685 1883 878 1934 Carthago
894 1881 1050 1929 habuit,
1067 1888 1335 1930 comparatum
1349 1876 1421 1916 sta-

137 1947 366 1997 bilitumque
391 1946 601 1997 comperio.
631 1946 706 1987 Sed
723 1945 771 1985 ab
791 1946 902 1985 initio
925 1944 1081 1995 quidem
1103 1942 1280 1984 adversus
1307 1939 1418 1981 Afros

137 2008 299 2058 vectigal
323 2020 392 2058 pro
416 2006 496 2046 solo
528 2007 632 2046 urbis
664 2006 904 2057 reposcentes
927 2006 1155 2045 dimicatum
1184 2004 1236 2044 est
1258 2017 1267 2043 ε
1299 2003 1418 2053 idque

142 2073 202 2120 jus
243 2083 322 2109 non
358 2068 424 2108 nifi
459 2068 721 2118 repetentibus
759 2068 906 2108 bellum
937 2074 1144 2107 extortum.
1178 2066 1269 2105 inde
1296 2064 1425 2116 prola-

140 2141 223 2172 tum
259 2133 375 2172 etiam
407 2131 612 2182 imperium
637 2145 646 2171 :
676 2131 885 2182 Africaequc
915 2143 1001 2181 pars
1030 2129 1235 2170 cultiffima
1263 2129 1331 2169 sub
1355 2131 1421 2169 di-

139 2197 285 2238 tionem
316 2193 452 2246 populi
481 2192 796 2245 Carthaginienfis
825 2195 989 2234 redacta.
1039 2193 1082 2233 In
1114 2193 1326 2234 Sardiniam
1355 2206 1423 2232 au..

143 2268 244 2308 tem,
270 2258 410 2299 deinde
434 2256 626 2303 Siciliam,
654 2263 697 2294 ut
721 2257 984 2304 trajiceretur,
1013 2256 1124 2295 maris
1153 2256 1420 2306 opportunitas

145 2324 181 2362 δε
210 2321 311 2360 illius
343 2318 471 2359 insulae
495 2320 603 2359 rudis
631 2319 679 2358 ad
709 2318 953 2358 resistendum
981 2317 1171 2357 barbaries
1188 2348 1200 2365 ,
1226 2318 1340 2366 hujus
1366 2316 1421 2355 ob

145 2383 350 2423 discordias
374 2389 578 2434 perpetuas
604 2382 867 2433 potentiorum
891 2381 1038 2431 injuriis
1065 2380 1237 2432 exposita
1254 2379 1425 2431 pulchri-

148 2500 298 2592 33533117
322 2499 394 2535 Cic.
413 2508 532 2534 contra
552 2499 643 2535 Ruri.
664 2512 694 2534 c.
716 2510 771 2546 35.
794 2500 913 2547 Polyb.
935 2510 948 2533 1
962 2525 972 2541 ‚
992 2499 1057 2541 65,
1072 2498 1113 2539 67
1140 2498 1174 2531 ὃ(
1188 2497 1226 2538 6,
1247 2505 1302 2539 49.
1325 2494 1406 2528 Liv.

195 2571 203 2587 ,
268 2570 276 2580 .
