1701 3008
265 213 1166 272 INLOC.LIB.X111L1V.,
1289 232 1372 277 141

94 333 222 366 autem
254 325 467 376 praeficlium
490 324 530 364 in
560 323 654 363 urbe
677 323 886 364 Tarentina
918 322 1117 363 relicturus
1144 322 1258 370 effet,
1283 337 1381 376 segre

94 387 187 439 paffi
211 387 430 434 Tarentini,
459 398 498 424 ut
519 385 590 437 fibi
615 385 674 422 vel
702 386 874 438 prcestaret
905 385 1101 437 prom'ffitm
1134 387 1310 424 auxilium
1332 388 1382 425 iis

92 450 350 488 conditionibus
367 449 517 500 ‚quibus
542 447 684 499 venfft
696 458 797 494 saut
816 447 942 498 fizltem
968 448 1079 484 urbem
1097 449 1199 499 fitam
1213 449 1380 501 relinque-

92 524 141 550 ret
157 512 320 560 liberam,
341 508 638 561 postulaverunt.
667 509 814 548 Neutra
839 521 898 547 res
918 508 1113 558 impetrari
1135 509 1288 558 potuit3
1315 511 1381 549 ni-

96 573 153 613 hil
189 573 287 624 aequi
323 572 577 626 respondente
611 570 784 622 Pyrrho,
822 570 887 610 sed
925 570 1082 620 jubente
1112 573 1216 624 suum
1245 584 1378 625 tempus

96 636 297 688 exspec‘lari.

151 697 214 737 LI.
261 698 340 737 Has
366 697 466 736 inter
492 707 598 733 curas
625 693 934 745 Epirotae‘Regis
950 724 961 743 ‚
986 694 1209 734 consulibus
1235 693 1383 734 bellum

96 756 275 796 adversus
314 764 462 795 ceteros
498 755 622 809 hostes
662 754 814 793 facilius
853 754 938 793 fuit.
988 754 1065 794 Res
1090 755 1217 805 itaque
1251 764 1382 795 contra

95 816 301 869 Etruscos,
326 817 526 865 Lucanos,
561 817 726 857 Bruttios
745 847 755 863 ‚
778 818 812 854 ἅ
840 815 1026 855 Samnites
1059 815 1234 866 prospere
1260 816 1381 865 gestas

100 875 178 915 hoc
207 886 384 929 tempore
407 878 507 929 lego.
537 878 636 918 Cum
660 876 820 917 Etruscis
850 878 976 916 minus
997 877 1106 916 fuisse
1127 879 1383 917 certaminum

101 948 258 988 apparet
277 970 288 985 ,
312 941 418 987 quod
448 952 495 978 ex
522 952 568 978 eo
597 937 698 979 bello
738 938 1018 989 triumphatum
1052 951 1129 977 non
1158 938 1235 977 est:
1262 952 1386 989 neque

99 1012 190 1038 cum
212 999 381 1039 universa
401 1007 515 1050 gente
529 1030 542 1045 ,
564 1000 627 1040 sed
646 1015 736 1040 cum
758 1015 833 1041 una
862 1011 927 1041 aut
950 1002 1066 1041 altera
1092 1002 1267 1048 civitate,
1283 1015 1381 1052 pug-

103 1071 237 1101 natum
262 1062 335 1102 effe
356 1070 477 1113 puto,
505 1075 588 1112 quae
614 1077 636 1103 a
660 1065 897 1105 Samnitibus
923 1065 1080 1104 discessu
1108 1065 1238 1114 Pyrrhi
1261 1066 1298 1104 se
1319 1080 1387 1103 nu-

101 1125 182 1164 dari
209 1124 461 1164 sentientibus
476 1156 487 1174 ,
514 1125 635 1164 acrius
658 1124 866 1165 sollicitatae
883 1156 895 1174 ‚
922 1124 1043 1175 polita
1065 1138 1185 1175 nuper
1210 1126 1387 1166 adversus

103 1187 297 1227 Romanos
326 1199 429 1227 arma
453 1186 704 1226 resumserint.
744 1186 885 1226 Ceteris
913 1187 953 1225 in
984 1185 1162 1237 populis,
1184 1188 1237 1226 uti
1265 1190 1388 1237 major

106 1248 304 1299 aliquanto
335 1248 426 1290 belli
451 1248 597 1298 moles3
628 1250 679 1289 ita
706 1249 863 1289 victoria
885 1248 1061 1288 illustrior
1084 1248 1168 1288 fuit.
1200 1249 1242 1289 C.
1261 1249 1389 1289 Fabri-

107 1311 187 1349 cius
211 1311 367 1360 consul,
398 1311 598 1362 profecto,
622 1319 665 1351 ut
688 1312 907 1360 conjectura
934 1310 1010 1358 est,
1027 1310 1066 1348 in
1088 1309 1289 1349 Etruscum
1311 1309 1390 1349 bel-

107 1372 191 1413 lum
206 1374 355 1426 collega
367 1406 378 1423 ,
397 1375 503 1426 quod
519 1375 684 1426 Epirotis
701 1374 928 1414 cessantibus
947 1386 1048 1412 unus
1063 1372 1268 1412 consularis
1283 1385 1390 1412 exer-

105 1437 204 1475 citus
232 1437 404 1477 sufficere
433 1437 650 1485 videretur3
688 1436 890 1484 Lucanos,
917 1435 1083 1475 Bruttios
1100 1464 1110 1482 ‚
1135 1433 1390 1482 Tarentinos,

107 1498 368 1552 Samnitesqfie
396 1500 562 1539 cecidit:
587 1498 765 1545 ,civitates
792 1497 962 1548 aliquot,
984 1498 1024 1536 in
1051 1496 1187 1548 quibus
1213 1497 1248 1535 ὃς
1272 1495 1390 1534 Hera-

108 1562 259 1610 cleam,
284 1563 481 1603 adstrinxit
510 1560 723 1601 foederibus
749 1574 758 1600 2
796 1561 919 1611 deque
944 1560 1001 1599 his
1030 1558 1181 1610 populis
1210 1556 1390 1596 omnibus

110 1634 197 1663 ante
227 1626 330 1664 diem
356 1625 447 1665 Idus
478 1622 710 1664 Decembres
745 1621 1008 1673 triumphavit-

172 1687 249 1727 LII.
280 1689 456 1728 Comitiis
484 1687 624 1726 deinde
663 1685 847 1737 peractis,
882 1683 1054 1724 consules
1089 1683 1128 1721 in
1164 1694 1308 1721 annum
1337 1679 1394 1719 se-

110 1759 291 1801 quentem
324 1751 505 1802 delignati
532 1749 620 1788 sunt
647 1749 684 1788 P.
722 1745 922 1786 Cornelius
965 1745 1122 1785 Rufinus
1156 1744 1320 1786 iterum,
1350 1740 1396 1781 C.

108 1811 245 1860 Junius
268 1814 405 1853 Brutus
430 1813 580 1852 iterum.
640 1810 740 1850 Cum
766 1808 905 1848 Rufino
933 1806 1081 1845 nobiles
1104 1805 1218 1843 etiam
1242 1803 1306 1843 alii
1332 1815 1397 1853 pe-

110 1874 278 1923 tierant3
302 1875 366 1914 sed
393 1875 457 1914 hic
481 1885 524 1914 ut
546 1875 678 1921 fieret,
700 1871 828 1912 effecit
850 1871 1013 1911 fabricii
1044 1869 1173 1909 ssavor:
1207 1868 1273 1918 qui
1299 1876 1397 1905 tem-

115 1948 209 1985 pora
237 1936 472 1986 Reipublicae
509 1935 654 1974 habens
685 1935 724 1972 in
751 1931 934 1979 confilio,
966 1930 1094 1981 patriae
1125 1928 1283 1967 salutem
1316 1928 1399 1978 pri-

113 1999 210 2037 vatis
239 1999 448 2037 inimicitiis
481 1997 753 2049 anteponebat.
783 1997 884 2036 Nam
913 2007 958 2033 ex
990 1991 1292 2032 dillimilitudine
1319 2004 1399 2029 rno-

114 2074 199 2100 rum
221 2061 390 2101 simultas
419 2062 517 2100 inter
549 2061 620 2100 hos
649 2060 798 2107 fuerat,
819 2071 906 2097 cum
938 2056 1131 2097 fabricius
1163 2055 1312 2105 egregie
1343 2054 1399 2092 lir-

116 2138 200 2164 mus
236 2125 436 2165 adversum
472 2125 703 2176 pecuniam,
731 2136 804 2161 una
834 2121 1051 2160 communis
1085 2118 1174 2157 boni
1213 2130 1303 2156 cura
1330 2117 1399 2155 clu..

115 2197 265 2226 ceretur
295 2204 303 2228 :
343 2187 502 2228 Rufinus
530 2198 649 2235 opum
685 2184 892 2234 cupidior,
925 2180 1046 2219 multa
1073 2179 1207 2230 privati
1240 2178 1398 2228 quaestus

116 2249 239 2288 studio
268 2249 486 2289 consuleret
515 2257 728 2298 ageretque.
771 2246 1045 2284 Verumtamen
1076 2255 1163 2281 cum
1196 2250 1321 2280 cetera
1348 2240 1402 2278 in-

118 2312 283 2352 dustrius
314 2315 349 2353 &
388 2313 513 2351 bonus
544 2312 749 2360 imperator
776 2308 894 2355 estet,
928 2303 1247 2356 competitoribus
1274 2301 1400 2339 haud-

117 2389 310 2427 quaquam
344 2375 424 2426 pari
459 2385 653 2414 armorum
688 2371 820 2423 peritia
852 2372 887 2410 ἃ
915 2369 983 2409 usu
1012 2367 1177 2419 praeditis
1211 2363 1401 2407 fabricius

171 2505 193 2545 S
229 2503 264 2537 L.
289 2505 377 2537 Plut.
406 2504 506 2537 Diod.
537 2503 682 2547 Appiam
712 2500 733 2541 ἕξ
762 2499 813 2533 LI.
844 2498 922 2532 Liv.
949 2497 1037 2541 Epir„
1075 2507 1125 2539 ¹3·
1150 2495 1288 2535 [utrop.
1322 2494 1343 2524 l.
1370 2502 1401 2522 2-

121 2549 192 2583 Cic.
220 2562 280 2593 pro
303 2550 404 2582 Balbo
429 2561 458 2581 c.
480 2560 533 2581 22.
555 2548 638 2580 Tab.
663 2546 810 2589 Capitol.
