<?xml version="1.0" encoding="UTF-8"?>
<!DOCTYPE html PUBLIC "-//W3C//DTD XHTML 1.0 Transitional//EN"
    "http://www.w3.org/TR/xhtml1/DTD/xhtml1-transitional.dtd">
<html xmlns="http://www.w3.org/1999/xhtml" xml:lang="en" lang="en">
 <head>
  <title>
</title>
<meta http-equiv="Content-Type" content="text/html;charset=utf-8" />
  <meta name='ocr-system' content='tesseract 3.04.00' />
  <meta name='ocr-capabilities' content='ocr_page ocr_carea ocr_par ocr_line ocrx_word'/>
</head>
<body>
  <div class='ocr_page' id='page_1' title='image "./historiarumlibri03livyuoft_0073.png"; bbox 0 0 1701 3008; ppageno 0'>
   <div class='ocr_carea' id='block_1_1' title="bbox 293 206 1388 277">
    <p class='ocr_par' dir='ltr' id='par_1_1' title="bbox 293 206 1388 277">
     <span class='ocr_line' id='line_1_1' title="bbox 293 206 1388 277; baseline 0.002 -21"><span class='ocrx_word' id='word_1_1' title='bbox 293 206 891 257; x_wconf 78' lang='lat' dir='ltr'>HISTORIARUM</span> <span class='ocrx_word' id='word_1_2' title='bbox 943 209 1084 257; x_wconf 67' lang='grc' dir='ltr'>ΜΒ.</span> <span class='ocrx_word' id='word_1_3' title='bbox 1135 210 1196 257; x_wconf 82' lang='lat' dir='ltr'>x.</span> <span class='ocrx_word' id='word_1_4' title='bbox 1326 212 1388 277; x_wconf 78' lang='lat'>65</span> 
     </span>
    </p>
   </div>
   <div class='ocr_carea' id='block_1_2' title="bbox 100 312 1403 969">
    <p class='ocr_par' dir='ltr' id='par_1_2' title="bbox 100 312 1403 969">
     <span class='ocr_line' id='line_1_2' title="bbox 100 312 1392 378; baseline 0.001 -18"><span class='ocrx_word' id='word_1_5' title='bbox 100 323 174 360; x_wconf 81' lang='lat' dir='ltr'>tur</span> <span class='ocrx_word' id='word_1_6' title='bbox 201 331 225 360; x_wconf 86' lang='lat' dir='ltr'>a</span> <span class='ocrx_word' id='word_1_7' title='bbox 248 312 366 378; x_wconf 85' lang='lat' dir='ltr'>fuga.</span> <span class='ocrx_word' id='word_1_8' title='bbox 402 315 495 361; x_wconf 90' lang='lat' dir='ltr'>Jam</span> <span class='ocrx_word' id='word_1_9' title='bbox 527 330 670 376; x_wconf 83' lang='lat' dir='ltr'>prope</span> <span class='ocrx_word' id='word_1_10' title='bbox 699 312 755 359; x_wconf 87' lang='lat' dir='ltr'>ad</span> <span class='ocrx_word' id='word_1_11' title='bbox 783 312 903 376; x_wconf 81' lang='lat' dir='ltr'>signa</span> <span class='ocrx_word' id='word_1_12' title='bbox 923 313 1065 360; x_wconf 84' lang='lat' dir='ltr'>caedes</span> <span class='ocrx_word' id='word_1_13' title='bbox 1088 328 1392 377; x_wconf 86' lang='lat' dir='ltr'>pervenerat,</span> 
     </span>
     <span class='ocr_line' id='line_1_3' title="bbox 101 386 1395 452; baseline 0.002 -18"><span class='ocrx_word' id='word_1_14' title='bbox 101 404 206 434; x_wconf 87' lang='lat' dir='ltr'>cum</span> <span class='ocrx_word' id='word_1_15' title='bbox 234 404 290 434; x_wconf 82' lang='lat' dir='ltr'>ex</span> <span class='ocrx_word' id='word_1_16' title='bbox 321 387 575 434; x_wconf 82' lang='lat' dir='ltr'>transverso</span> <span class='ocrx_word' id='word_1_17' title='bbox 608 386 759 450; x_wconf 88' lang='lat' dir='ltr'>pulvis</span> <span class='ocrx_word' id='word_1_18' title='bbox 777 422 791 444; x_wconf 88' lang='lat'>‚</span> <span class='ocrx_word' id='word_1_19' title='bbox 819 386 945 433; x_wconf 85' lang='lat' dir='ltr'>velut</span> <span class='ocrx_word' id='word_1_20' title='bbox 974 387 1170 450; x_wconf 84' lang='lat' dir='ltr'>ingentis</span> <span class='ocrx_word' id='word_1_21' title='bbox 1202 389 1395 452; x_wconf 76' lang='lat' dir='ltr'>agminis</span> 
     </span>
     <span class='ocr_line' id='line_1_4' title="bbox 102 459 1396 526; baseline 0.005 -20"><span class='ocrx_word' id='word_1_22' title='bbox 102 461 272 508; x_wconf 75' lang='lat' dir='ltr'>incessu</span> <span class='ocrx_word' id='word_1_23' title='bbox 307 474 457 507; x_wconf 88' lang='lat' dir='ltr'>motus</span> <span class='ocrx_word' id='word_1_24' title='bbox 476 497 491 519; x_wconf 85' lang='lat'><strong><em>‚</em></strong></span> <span class='ocrx_word' id='word_1_25' title='bbox 514 459 734 523; x_wconf 88' lang='lat' dir='ltr'>apparuit.</span> <span class='ocrx_word' id='word_1_26' title='bbox 773 461 844 522; x_wconf 88' lang='lat' dir='ltr'>Sp.</span> <span class='ocrx_word' id='word_1_27' title='bbox 880 461 1070 508; x_wconf 81' lang='lat' dir='ltr'>Nautius</span> <span class='ocrx_word' id='word_1_28' title='bbox 1101 461 1396 526; x_wconf 62' lang='lat' dir='ltr'>(Ostavium</span> 
     </span>
     <span class='ocr_line' id='line_1_5' title="bbox 101 536 1395 600; baseline 0.002 -18"><span class='ocrx_word' id='word_1_29' title='bbox 101 537 295 583; x_wconf 66' lang='lat' dir='ltr'>Meti&#39;um</span> <span class='ocrx_word' id='word_1_30' title='bbox 321 537 501 600; x_wconf 87' lang='lat' dir='ltr'>quidam</span> <span class='ocrx_word' id='word_1_31' title='bbox 530 552 633 581; x_wconf 87' lang='lat' dir='ltr'>eum</span> <span class='ocrx_word' id='word_1_32' title='bbox 654 536 867 596; x_wconf 82' lang='lat' dir='ltr'>tradunt)</span> <span class='ocrx_word' id='word_1_33' title='bbox 886 537 977 584; x_wconf 84' lang='lat' dir='ltr'>dux</span> <span class='ocrx_word' id='word_1_34' title='bbox 999 537 1190 584; x_wconf 83' lang='lat' dir='ltr'>alaribus</span> <span class='ocrx_word' id='word_1_35' title='bbox 1218 538 1395 585; x_wconf 85' lang='lat' dir='ltr'>cohor-</span> 
     </span>
     <span class='ocr_line' id='line_1_6' title="bbox 102 608 1396 674; baseline 0.003 -19"><span class='ocrx_word' id='word_1_36' title='bbox 102 610 221 657; x_wconf 82' lang='lat' dir='ltr'>tibus</span> <span class='ocrx_word' id='word_1_37' title='bbox 245 625 348 657; x_wconf 88' lang='lat' dir='ltr'>erat.</span> <span class='ocrx_word' id='word_1_38' title='bbox 376 610 608 673; x_wconf 85' lang='lat' dir='ltr'>pulverem</span> <span class='ocrx_word' id='word_1_39' title='bbox 638 608 858 670; x_wconf 84' lang='lat' dir='ltr'>majorem</span> <span class='ocrx_word' id='word_1_40' title='bbox 875 646 888 667; x_wconf 91' lang='lat'>‚</span> <span class='ocrx_word' id='word_1_41' title='bbox 912 627 1044 673; x_wconf 85' lang='lat' dir='ltr'>quam</span> <span class='ocrx_word' id='word_1_42' title='bbox 1071 629 1154 674; x_wconf 89' lang='lat' dir='ltr'>pro</span> <span class='ocrx_word' id='word_1_43' title='bbox 1182 629 1396 671; x_wconf 88' lang='lat' dir='ltr'>numero,</span> 
     </span>
     <span class='ocr_line' id='line_1_7' title="bbox 102 682 1399 732; baseline 0.001 -2"><span class='ocrx_word' id='word_1_44' title='bbox 102 684 362 731; x_wconf 86' lang='lat' dir='ltr'>excitabant</span> <span class='ocrx_word' id='word_1_45' title='bbox 384 700 395 729; x_wconf 74' lang='grc' dir='ltr'>ε</span> <span class='ocrx_word' id='word_1_46' title='bbox 432 682 670 729; x_wconf 78' lang='lat' dir='ltr'>insidentes</span> <span class='ocrx_word' id='word_1_47' title='bbox 697 682 829 729; x_wconf 89' lang='lat' dir='ltr'>mulis</span> <span class='ocrx_word' id='word_1_48' title='bbox 850 683 1031 730; x_wconf 83' lang='lat' dir='ltr'>calones</span> <span class='ocrx_word' id='word_1_49' title='bbox 1053 684 1296 731; x_wconf 79' lang='lat' dir='ltr'>frondosos</span> <span class='ocrx_word' id='word_1_50' title='bbox 1325 703 1399 732; x_wconf 87' lang='lat' dir='ltr'>ra-</span> 
     </span>
     <span class='ocr_line' id='line_1_8' title="bbox 102 755 1399 822; baseline 0 -18"><span class='ocrx_word' id='word_1_51' title='bbox 102 773 205 804; x_wconf 89' lang='lat' dir='ltr'>mos</span> <span class='ocrx_word' id='word_1_52' title='bbox 254 772 333 819; x_wconf 90' lang='lat' dir='ltr'>per</span> <span class='ocrx_word' id='word_1_53' title='bbox 372 767 536 802; x_wconf 87' lang='lat' dir='ltr'>terram</span> <span class='ocrx_word' id='word_1_54' title='bbox 578 755 813 801; x_wconf 83' lang='lat' dir='ltr'>trahebant</span> <span class='ocrx_word' id='word_1_55' title='bbox 843 773 854 801; x_wconf 91' lang='lat'><strong>:</strong></span> <span class='ocrx_word' id='word_1_56' title='bbox 896 773 1017 803; x_wconf 87' lang='lat' dir='ltr'>arma</span> <span class='ocrx_word' id='word_1_57' title='bbox 1062 757 1272 822; x_wconf 79' lang='lat' dir='ltr'>signaque</span> <span class='ocrx_word' id='word_1_58' title='bbox 1317 774 1399 820; x_wconf 87' lang='lat' dir='ltr'>per</span> 
     </span>
     <span class='ocr_line' id='line_1_9' title="bbox 102 829 1400 893; baseline 0.001 -15"><span class='ocrx_word' id='word_1_59' title='bbox 102 830 329 878; x_wconf 83' lang='lat' dir='ltr'>turbidam</span> <span class='ocrx_word' id='word_1_60' title='bbox 355 829 503 876; x_wconf 89' lang='lat' dir='ltr'>lucem</span> <span class='ocrx_word' id='word_1_61' title='bbox 535 829 580 874; x_wconf 91' lang='lat' dir='ltr'>in</span> <span class='ocrx_word' id='word_1_62' title='bbox 613 830 764 891; x_wconf 89' lang='lat' dir='ltr'>primo</span> <span class='ocrx_word' id='word_1_63' title='bbox 798 832 1097 893; x_wconf 79' lang='lat' dir='ltr'>apparebant:</span> <span class='ocrx_word' id='word_1_64' title='bbox 1136 831 1236 893; x_wconf 90' lang='lat' dir='ltr'>post</span> <span class='ocrx_word' id='word_1_65' title='bbox 1263 831 1400 879; x_wconf 75' lang='lat' dir='ltr'>aitior</span> 
     </span>
     <span class='ocr_line' id='line_1_10' title="bbox 105 902 1403 969; baseline 0.002 -20"><span class='ocrx_word' id='word_1_66' title='bbox 105 904 377 968; x_wconf 78' lang='lat' dir='ltr'>densiorque</span> <span class='ocrx_word' id='word_1_67' title='bbox 397 902 550 964; x_wconf 67' lang='lat' dir='ltr'>pulvis</span> <span class='ocrx_word' id='word_1_68' title='bbox 577 902 782 964; x_wconf 86' lang='lat' dir='ltr'>equitum</span> <span class='ocrx_word' id='word_1_69' title='bbox 814 903 1005 966; x_wconf 84' lang='lat' dir='ltr'>speciem</span> <span class='ocrx_word' id='word_1_70' title='bbox 1034 905 1297 968; x_wconf 78' lang='lat' dir='ltr'>cogentium</span> <span class='ocrx_word' id='word_1_71' title='bbox 1321 922 1403 969; x_wconf 81' lang='lat' dir='ltr'>ag-</span> 
     </span>
    </p>
   </div>
   <div class='ocr_carea' id='block_1_3' title="bbox 104 974 1403 1038">
    <p class='ocr_par' dir='ltr' id='par_1_3' title="bbox 104 974 1403 1038">
     <span class='ocr_line' id='line_1_11' title="bbox 104 974 1403 1038; baseline 0.002 -15"><span class='ocrx_word' id='word_1_72' title='bbox 104 994 209 1024; x_wconf 89' lang='lat' dir='ltr'>men</span> <span class='ocrx_word' id='word_1_73' title='bbox 243 976 388 1022; x_wconf 87' lang='lat' dir='ltr'>dabat.</span> <span class='ocrx_word' id='word_1_74' title='bbox 433 974 700 1038; x_wconf 86' lang='lat' dir='ltr'>Fefellitque</span> <span class='ocrx_word' id='word_1_75' title='bbox 738 993 833 1023; x_wconf 87' lang='lat' dir='ltr'>non</span> <span class='ocrx_word' id='word_1_76' title='bbox 868 978 1088 1026; x_wconf 79' lang='lat' dir='ltr'>Samnites</span> <span class='ocrx_word' id='word_1_77' title='bbox 1123 980 1294 1034; x_wconf 87' lang='lat' dir='ltr'>modo,</span> <span class='ocrx_word' id='word_1_78' title='bbox 1328 978 1403 1025; x_wconf 88' lang='lat' dir='ltr'>sed</span> 
     </span>
    </p>
   </div>
   <div class='ocr_carea' id='block_1_4' title="bbox 107 1049 1440 2646">
    <p class='ocr_par' dir='ltr' id='par_1_4' title="bbox 107 1049 1440 2646">
     <span class='ocr_line' id='line_1_12' title="bbox 107 1049 1408 1110; baseline 0.001 -14"><span class='ocrx_word' id='word_1_79' title='bbox 107 1051 243 1096; x_wconf 82' lang='lat' dir='ltr'>etiam</span> <span class='ocrx_word' id='word_1_80' title='bbox 286 1049 523 1095; x_wconf 87' lang='lat' dir='ltr'>Romanos</span> <span class='ocrx_word' id='word_1_81' title='bbox 555 1065 567 1095; x_wconf 73' lang='grc' dir='ltr'><strong><em>ε</em></strong></span> <span class='ocrx_word' id='word_1_82' title='bbox 613 1050 663 1096; x_wconf 86' lang='lat'>&amp;</span> <span class='ocrx_word' id='word_1_83' title='bbox 702 1050 863 1097; x_wconf 90' lang='lat' dir='ltr'>consul</span> <span class='ocrx_word' id='word_1_84' title='bbox 899 1050 1140 1098; x_wconf 84' lang='lat' dir='ltr'>affirmavit</span> <span class='ocrx_word' id='word_1_85' title='bbox 1170 1067 1408 1110; x_wconf 82' lang='lat' dir='ltr'>errorem,</span> 
     </span>
     <span class='ocr_line' id='line_1_13' title="bbox 109 1120 1406 1184; baseline 0.001 -16"><span class='ocrx_word' id='word_1_86' title='bbox 109 1121 361 1169; x_wconf 80' lang='lat' dir='ltr'>clamitans</span> <span class='ocrx_word' id='word_1_87' title='bbox 387 1120 504 1166; x_wconf 88' lang='lat' dir='ltr'>inter</span> <span class='ocrx_word' id='word_1_88' title='bbox 539 1120 682 1182; x_wconf 84' lang='lat' dir='ltr'>prima</span> <span class='ocrx_word' id='word_1_89' title='bbox 708 1120 827 1184; x_wconf 78' lang='lat' dir='ltr'>signa</span> <span class='ocrx_word' id='word_1_90' title='bbox 848 1157 861 1178; x_wconf 84' lang='lat'>,</span> <span class='ocrx_word' id='word_1_91' title='bbox 890 1120 952 1167; x_wconf 84' lang='lat' dir='ltr'>ita</span> <span class='ocrx_word' id='word_1_92' title='bbox 984 1137 1034 1168; x_wconf 91' lang='lat' dir='ltr'>ut</span> <span class='ocrx_word' id='word_1_93' title='bbox 1063 1138 1163 1168; x_wconf 82' lang='lat' dir='ltr'>vox</span> <span class='ocrx_word' id='word_1_94' title='bbox 1185 1122 1317 1169; x_wconf 82' lang='lat' dir='ltr'>etiam</span> <span class='ocrx_word' id='word_1_95' title='bbox 1348 1123 1406 1169; x_wconf 86' lang='lat' dir='ltr'>ad</span> 
     </span>
     <span class='ocr_line' id='line_1_14' title="bbox 108 1194 1405 1254; baseline 0 -12"><span class='ocrx_word' id='word_1_96' title='bbox 108 1195 258 1242; x_wconf 82' lang='lat' dir='ltr'>hostes</span> <span class='ocrx_word' id='word_1_97' title='bbox 293 1194 540 1252; x_wconf 80' lang='lat' dir='ltr'>accideret,</span> <span class='ocrx_word' id='word_1_98' title='bbox 574 1211 737 1254; x_wconf 81' lang='lat' dir='ltr'>captum</span> <span class='ocrx_word' id='word_1_99' title='bbox 779 1197 1017 1241; x_wconf 79' lang='lat' dir='ltr'>Cominium</span> <span class='ocrx_word' id='word_1_100' title='bbox 1037 1231 1050 1253; x_wconf 88' lang='lat'><em>‚</em></span> <span class='ocrx_word' id='word_1_101' title='bbox 1079 1197 1269 1243; x_wconf 75' lang='lat' dir='ltr'>vic‘lorem</span> <span class='ocrx_word' id='word_1_102' title='bbox 1314 1201 1405 1242; x_wconf 84' lang='lat' dir='ltr'>col-</span> 
     </span>
     <span class='ocr_line' id='line_1_15' title="bbox 107 1266 1405 1333; baseline -0.001 -17"><span class='ocrx_word' id='word_1_103' title='bbox 107 1275 241 1332; x_wconf 74' lang='lat' dir='ltr'>legam</span> <span class='ocrx_word' id='word_1_104' title='bbox 265 1266 395 1333; x_wconf 67' lang='lat' dir='ltr'>adeſjfc</span> <span class='ocrx_word' id='word_1_105' title='bbox 415 1286 431 1314; x_wconf 90' lang='grc'>.·</span> <span class='ocrx_word' id='word_1_106' title='bbox 470 1270 755 1314; x_wconf 78' lang='lat' dir='ltr'>anniterentur</span> <span class='ocrx_word' id='word_1_107' title='bbox 788 1272 945 1315; x_wconf 73' lang='lat' dir='ltr'>vincere</span> <span class='ocrx_word' id='word_1_108' title='bbox 980 1272 1129 1330; x_wconf 74' lang='lat' dir='ltr'>prius,</span> <span class='ocrx_word' id='word_1_109' title='bbox 1159 1288 1283 1330; x_wconf 76' lang='lat' dir='ltr'>quam</span> <span class='ocrx_word' id='word_1_110' title='bbox 1308 1274 1405 1332; x_wconf 77' lang='lat' dir='ltr'>glo-</span> 
     </span>
     <span class='ocr_line' id='line_1_16' title="bbox 108 1344 1407 1407; baseline -0.001 -16"><span class='ocrx_word' id='word_1_111' title='bbox 108 1348 173 1392; x_wconf 75' lang='lat' dir='ltr'>ria</span> <span class='ocrx_word' id='word_1_112' title='bbox 206 1348 376 1390; x_wconf 77' lang='lat' dir='ltr'>alterius</span> <span class='ocrx_word' id='word_1_113' title='bbox 408 1345 612 1389; x_wconf 83' lang='lat' dir='ltr'>exercitus</span> <span class='ocrx_word' id='word_1_114' title='bbox 631 1345 762 1403; x_wconf 84' lang='lat' dir='ltr'>fieret.</span> <span class='ocrx_word' id='word_1_115' title='bbox 801 1345 910 1392; x_wconf 81' lang='lat' dir='ltr'>Haec</span> <span class='ocrx_word' id='word_1_116' title='bbox 947 1344 1138 1390; x_wconf 79' lang='lat' dir='ltr'>infidens</span> <span class='ocrx_word' id='word_1_117' title='bbox 1165 1360 1300 1407; x_wconf 84' lang='lat' dir='ltr'>equo.</span> <span class='ocrx_word' id='word_1_118' title='bbox 1333 1344 1407 1390; x_wconf 80' lang='lat' dir='ltr'>in·-</span> 
     </span>
     <span class='ocr_line' id='line_1_17' title="bbox 110 1417 1408 1481; baseline -0.002 -15"><span class='ocrx_word' id='word_1_119' title='bbox 110 1420 167 1466; x_wconf 89' lang='lat' dir='ltr'>de</span> <span class='ocrx_word' id='word_1_120' title='bbox 216 1419 405 1466; x_wconf 85' lang='lat' dir='ltr'>tribunis</span> <span class='ocrx_word' id='word_1_121' title='bbox 459 1417 888 1481; x_wconf 81' lang='lat' dir='ltr'>centurionibusque</span> <span class='ocrx_word' id='word_1_122' title='bbox 937 1417 1162 1481; x_wconf 83' lang='lat' dir='ltr'>imperat,</span> <span class='ocrx_word' id='word_1_123' title='bbox 1194 1432 1243 1464; x_wconf 92' lang='lat' dir='ltr'>ut</span> <span class='ocrx_word' id='word_1_124' title='bbox 1281 1418 1408 1464; x_wconf 84' lang='lat' dir='ltr'>viam</span> 
     </span>
     <span class='ocr_line' id='line_1_18' title="bbox 111 1490 1410 1556; baseline -0.002 -17"><span class='ocrx_word' id='word_1_125' title='bbox 111 1492 339 1556; x_wconf 88' lang='lat' dir='ltr'>equitibus</span> <span class='ocrx_word' id='word_1_126' title='bbox 375 1490 659 1555; x_wconf 79' lang='lat' dir='ltr'>patefaciant.</span> <span class='ocrx_word' id='word_1_127' title='bbox 707 1490 800 1554; x_wconf 91' lang='lat' dir='ltr'>Ipse</span> <span class='ocrx_word' id='word_1_128' title='bbox 834 1491 1072 1538; x_wconf 87' lang='lat' dir='ltr'>Trebonio</span> <span class='ocrx_word' id='word_1_129' title='bbox 1109 1490 1410 1555; x_wconf 74' lang='lat' dir='ltr'>Caedicioque</span> 
     </span>
     <span class='ocr_line' id='line_1_19' title="bbox 111 1562 1413 1628; baseline 0.001 -18"><span class='ocrx_word' id='word_1_130' title='bbox 111 1565 381 1628; x_wconf 75' lang='lat' dir='ltr'>praedixerat</span> <span class='ocrx_word' id='word_1_131' title='bbox 399 1600 413 1624; x_wconf 83' lang='lat'><strong>‚</strong></span> <span class='ocrx_word' id='word_1_132' title='bbox 439 1575 513 1622; x_wconf 88' lang='lat' dir='ltr'>ut,</span> <span class='ocrx_word' id='word_1_133' title='bbox 543 1564 620 1610; x_wconf 91' lang='lat' dir='ltr'>ubi</span> <span class='ocrx_word' id='word_1_134' title='bbox 652 1562 694 1610; x_wconf 93' lang='lat' dir='ltr'>se</span> <span class='ocrx_word' id='word_1_135' title='bbox 721 1563 951 1627; x_wconf 87' lang='lat' dir='ltr'>cuspidem</span> <span class='ocrx_word' id='word_1_136' title='bbox 979 1565 1168 1612; x_wconf 57' lang='lat' dir='ltr'>&amp;estam</span> <span class='ocrx_word' id='word_1_137' title='bbox 1200 1566 1413 1628; x_wconf 85' lang='lat' dir='ltr'>quatien-</span> 
     </span>
     <span class='ocr_line' id='line_1_20' title="bbox 112 1635 1412 1699; baseline 0.002 -17"><span class='ocrx_word' id='word_1_138' title='bbox 112 1649 203 1682; x_wconf 86' lang='lat' dir='ltr'>tem</span> <span class='ocrx_word' id='word_1_139' title='bbox 239 1635 454 1683; x_wconf 84' lang='lat' dir='ltr'>vidiffent</span> <span class='ocrx_word' id='word_1_140' title='bbox 473 1671 487 1693; x_wconf 89' lang='lat'><strong>‚</strong></span> <span class='ocrx_word' id='word_1_141' title='bbox 518 1646 685 1699; x_wconf 84' lang='lat' dir='ltr'>quanta</span> <span class='ocrx_word' id='word_1_142' title='bbox 712 1636 905 1682; x_wconf 80' lang='lat' dir='ltr'>maxima</span> <span class='ocrx_word' id='word_1_143' title='bbox 936 1637 988 1683; x_wconf 87' lang='lat' dir='ltr'>vi</span> <span class='ocrx_word' id='word_1_144' title='bbox 1020 1637 1225 1699; x_wconf 76' lang='lat' dir='ltr'>possent,</span> <span class='ocrx_word' id='word_1_145' title='bbox 1246 1639 1412 1684; x_wconf 88' lang='lat' dir='ltr'>conci-</span> 
     </span>
     <span class='ocr_line' id='line_1_21' title="bbox 112 1708 1440 1773; baseline 0.003 -18"><span class='ocrx_word' id='word_1_146' title='bbox 112 1722 260 1756; x_wconf 84' lang='lat' dir='ltr'>tarent</span> <span class='ocrx_word' id='word_1_147' title='bbox 287 1710 461 1773; x_wconf 87' lang='lat' dir='ltr'>equites</span> <span class='ocrx_word' id='word_1_148' title='bbox 488 1709 534 1754; x_wconf 88' lang='lat' dir='ltr'>in</span> <span class='ocrx_word' id='word_1_149' title='bbox 562 1709 748 1754; x_wconf 87' lang='lat' dir='ltr'>hostem.</span> <span class='ocrx_word' id='word_1_150' title='bbox 782 1708 853 1754; x_wconf 85' lang='lat' dir='ltr'>Ad</span> <span class='ocrx_word' id='word_1_151' title='bbox 882 1721 1041 1755; x_wconf 89' lang='lat' dir='ltr'>nutum</span> <span class='ocrx_word' id='word_1_152' title='bbox 1073 1711 1253 1768; x_wconf 87' lang='lat' dir='ltr'>omnia,</span> <span class='ocrx_word' id='word_1_153' title='bbox 1278 1724 1329 1757; x_wconf 93' lang='lat' dir='ltr'>ut</span> <span class='ocrx_word' id='word_1_154' title='bbox 1353 1729 1411 1759; x_wconf 80' lang='lat' dir='ltr'>ex</span> <span class='ocrx_word' id='word_1_155' title='bbox 1436 1730 1440 1731; x_wconf 50' lang='lat'><em>⁷</em></span> 
     </span>
     <span class='ocr_line' id='line_1_22' title="bbox 112 1780 1412 1846; baseline 0.001 -15"><span class='ocrx_word' id='word_1_156' title='bbox 112 1799 216 1831; x_wconf 81' lang='lat' dir='ltr'>ante</span> <span class='ocrx_word' id='word_1_157' title='bbox 236 1795 512 1846; x_wconf 80' lang='lat' dir='ltr'>praeparato,</span> <span class='ocrx_word' id='word_1_158' title='bbox 531 1780 658 1829; x_wconf 83' lang='lat' dir='ltr'>fiunt.</span> <span class='ocrx_word' id='word_1_159' title='bbox 678 1783 936 1845; x_wconf 88' lang='lat' dir='ltr'>panduntur</span> <span class='ocrx_word' id='word_1_160' title='bbox 954 1782 1071 1829; x_wconf 89' lang='lat' dir='ltr'>inter</span> <span class='ocrx_word' id='word_1_161' title='bbox 1091 1783 1271 1830; x_wconf 87' lang='lat' dir='ltr'>ordines</span> <span class='ocrx_word' id='word_1_162' title='bbox 1294 1784 1412 1832; x_wconf 82' lang='lat' dir='ltr'>viae:</span> 
     </span>
     <span class='ocr_line' id='line_1_23' title="bbox 116 1854 1413 1918; baseline 0.003 -16"><span class='ocrx_word' id='word_1_163' title='bbox 116 1855 340 1918; x_wconf 87' lang='lat' dir='ltr'>provolat</span> <span class='ocrx_word' id='word_1_164' title='bbox 375 1871 539 1918; x_wconf 77' lang='lat' dir='ltr'>eques,</span> <span class='ocrx_word' id='word_1_165' title='bbox 572 1867 704 1917; x_wconf 88' lang='lat' dir='ltr'>atque</span> <span class='ocrx_word' id='word_1_166' title='bbox 739 1854 908 1902; x_wconf 86' lang='lat' dir='ltr'>infestis</span> <span class='ocrx_word' id='word_1_167' title='bbox 943 1855 1200 1918; x_wconf 86' lang='lat' dir='ltr'>cuspidibus</span> <span class='ocrx_word' id='word_1_168' title='bbox 1232 1858 1278 1904; x_wconf 90' lang='lat' dir='ltr'>in</span> <span class='ocrx_word' id='word_1_169' title='bbox 1311 1876 1413 1906; x_wconf 87' lang='lat' dir='ltr'>me-</span> 
     </span>
     <span class='ocr_line' id='line_1_24' title="bbox 117 1927 1415 1992; baseline 0.002 -18"><span class='ocrx_word' id='word_1_170' title='bbox 117 1929 241 1974; x_wconf 87' lang='lat' dir='ltr'>dium</span> <span class='ocrx_word' id='word_1_171' title='bbox 268 1944 425 1990; x_wconf 80' lang='lat' dir='ltr'>agmen</span> <span class='ocrx_word' id='word_1_172' title='bbox 450 1927 648 1974; x_wconf 87' lang='lat' dir='ltr'>hostium</span> <span class='ocrx_word' id='word_1_173' title='bbox 680 1928 796 1984; x_wconf 88' lang='lat' dir='ltr'>ruit;</span> <span class='ocrx_word' id='word_1_174' title='bbox 829 1929 1168 1992; x_wconf 84' lang='lat' dir='ltr'>perrumpitque</span> <span class='ocrx_word' id='word_1_175' title='bbox 1199 1931 1415 1989; x_wconf 86' lang='lat' dir='ltr'>ordines,</span> 
     </span>
     <span class='ocr_line' id='line_1_25' title="bbox 118 2001 1416 2066; baseline 0.003 -17"><span class='ocrx_word' id='word_1_176' title='bbox 118 2017 390 2066; x_wconf 86' lang='lat' dir='ltr'>quacunque</span> <span class='ocrx_word' id='word_1_177' title='bbox 422 2001 639 2065; x_wconf 88' lang='lat' dir='ltr'>impetum</span> <span class='ocrx_word' id='word_1_178' title='bbox 675 2003 811 2048; x_wconf 86' lang='lat' dir='ltr'>dedit.</span> <span class='ocrx_word' id='word_1_179' title='bbox 858 2003 1021 2050; x_wconf 84' lang='lat' dir='ltr'>instant</span> <span class='ocrx_word' id='word_1_180' title='bbox 1056 2004 1330 2051; x_wconf 86' lang='lat' dir='ltr'>Volumnius</span> <span class='ocrx_word' id='word_1_181' title='bbox 1363 2008 1416 2053; x_wconf 74' lang='grc' dir='ltr'>δε</span> 
     </span>
     <span class='ocr_line' id='line_1_26' title="bbox 116 2077 1417 2142; baseline 0.002 -17"><span class='ocrx_word' id='word_1_182' title='bbox 116 2078 274 2142; x_wconf 79' lang='lat' dir='ltr'>Scipio</span> <span class='ocrx_word' id='word_1_183' title='bbox 289 2115 303 2136; x_wconf 89' lang='lat'>,</span> <span class='ocrx_word' id='word_1_184' title='bbox 326 2080 375 2125; x_wconf 89' lang='lat'>&amp;</span> <span class='ocrx_word' id='word_1_185' title='bbox 411 2077 638 2141; x_wconf 87' lang='lat' dir='ltr'>perculsos</span> <span class='ocrx_word' id='word_1_186' title='bbox 669 2078 883 2125; x_wconf 85' lang='lat' dir='ltr'>sternunt.</span> <span class='ocrx_word' id='word_1_187' title='bbox 919 2079 1037 2124; x_wconf 87' lang='lat' dir='ltr'>Tum</span> <span class='ocrx_word' id='word_1_188' title='bbox 1059 2115 1072 2135; x_wconf 86' lang='lat'>‚</span> <span class='ocrx_word' id='word_1_189' title='bbox 1094 2078 1181 2138; x_wconf 82' lang='lat' dir='ltr'>jam</span> <span class='ocrx_word' id='word_1_190' title='bbox 1204 2080 1417 2128; x_wconf 87' lang='lat' dir='ltr'>Deorum</span> 
     </span>
     <span class='ocr_line' id='line_1_27' title="bbox 118 2151 1418 2216; baseline 0.002 -18"><span class='ocrx_word' id='word_1_191' title='bbox 118 2151 452 2216; x_wconf 82' lang='lat' dir='ltr'>hominumque</span> <span class='ocrx_word' id='word_1_192' title='bbox 485 2151 602 2197; x_wconf 69' lang='lat' dir='ltr'>viEta</span> <span class='ocrx_word' id='word_1_193' title='bbox 630 2153 710 2209; x_wconf 82' lang='lat' dir='ltr'>vi,</span> <span class='ocrx_word' id='word_1_194' title='bbox 736 2151 987 2198; x_wconf 87' lang='lat' dir='ltr'>funduntur</span> <span class='ocrx_word' id='word_1_195' title='bbox 1019 2152 1214 2198; x_wconf 76' lang='lat' dir='ltr'>linteatae</span> <span class='ocrx_word' id='word_1_196' title='bbox 1242 2155 1418 2200; x_wconf 84' lang='lat' dir='ltr'>cohor-</span> 
     </span>
     <span class='ocr_line' id='line_1_28' title="bbox 119 2224 1416 2289; baseline 0 -17"><span class='ocrx_word' id='word_1_197' title='bbox 119 2238 217 2272; x_wconf 82' lang='lat' dir='ltr'>tes:</span> <span class='ocrx_word' id='word_1_198' title='bbox 262 2225 427 2289; x_wconf 89' lang='lat' dir='ltr'>pariter</span> <span class='ocrx_word' id='word_1_199' title='bbox 452 2224 585 2287; x_wconf 86' lang='lat' dir='ltr'>jurati</span> <span class='ocrx_word' id='word_1_200' title='bbox 619 2224 888 2288; x_wconf 85' lang='lat' dir='ltr'>injuratique</span> <span class='ocrx_word' id='word_1_201' title='bbox 922 2224 1099 2288; x_wconf 79' lang='lat' dir='ltr'>fugiunt</span> <span class='ocrx_word' id='word_1_202' title='bbox 1120 2258 1134 2279; x_wconf 86' lang='lat'>‚</span> <span class='ocrx_word' id='word_1_203' title='bbox 1158 2243 1240 2272; x_wconf 86' lang='lat' dir='ltr'>nec</span> <span class='ocrx_word' id='word_1_204' title='bbox 1272 2243 1416 2288; x_wconf 78' lang='lat' dir='ltr'>quen-</span> 
     </span>
     <span class='ocr_line' id='line_1_29' title="bbox 120 2299 1419 2364; baseline 0.001 -19"><span class='ocrx_word' id='word_1_205' title='bbox 120 2316 289 2364; x_wconf 87' lang='lat' dir='ltr'>quam,</span> <span class='ocrx_word' id='word_1_206' title='bbox 317 2310 482 2363; x_wconf 83' lang='lat' dir='ltr'>praeter</span> <span class='ocrx_word' id='word_1_207' title='bbox 520 2299 668 2346; x_wconf 78' lang='lat' dir='ltr'>hostes</span> <span class='ocrx_word' id='word_1_208' title='bbox 685 2335 700 2358; x_wconf 83' lang='lat'><strong><em>‚</em></strong></span> <span class='ocrx_word' id='word_1_209' title='bbox 727 2312 946 2346; x_wconf 87' lang='lat' dir='ltr'>metuunt.</span> <span class='ocrx_word' id='word_1_210' title='bbox 989 2299 1193 2346; x_wconf 85' lang='lat' dir='ltr'>Peditum</span> <span class='ocrx_word' id='word_1_211' title='bbox 1222 2317 1381 2362; x_wconf 77' lang='lat' dir='ltr'>agmen</span> <span class='ocrx_word' id='word_1_212' title='bbox 1402 2337 1419 2358; x_wconf 83' lang='lat'>‚</span> 
     </span>
     <span class='ocr_line' id='line_1_30' title="bbox 120 2371 1419 2436; baseline 0.001 -19"><span class='ocrx_word' id='word_1_213' title='bbox 120 2371 249 2434; x_wconf 88' lang='lat' dir='ltr'>quod</span> <span class='ocrx_word' id='word_1_214' title='bbox 279 2371 497 2435; x_wconf 88' lang='lat' dir='ltr'>superfuit</span> <span class='ocrx_word' id='word_1_215' title='bbox 536 2389 696 2436; x_wconf 86' lang='lat' dir='ltr'>pugnae</span> <span class='ocrx_word' id='word_1_216' title='bbox 719 2409 731 2428; x_wconf 92' lang='lat'>,</span> <span class='ocrx_word' id='word_1_217' title='bbox 767 2373 814 2418; x_wconf 88' lang='lat' dir='ltr'>in</span> <span class='ocrx_word' id='word_1_218' title='bbox 859 2371 997 2419; x_wconf 84' lang='lat' dir='ltr'>castra</span> <span class='ocrx_word' id='word_1_219' title='bbox 1034 2372 1088 2418; x_wconf 84' lang='lat' dir='ltr'>ad</span> <span class='ocrx_word' id='word_1_220' title='bbox 1124 2372 1419 2435; x_wconf 79' lang='lat' dir='ltr'>Aquiloniam</span> 
     </span>
     <span class='ocr_line' id='line_1_31' title="bbox 122 2443 1421 2509; baseline -0.001 -20"><span class='ocrx_word' id='word_1_221' title='bbox 122 2443 406 2506; x_wconf 87' lang='lat' dir='ltr'>compulsum</span> <span class='ocrx_word' id='word_1_222' title='bbox 425 2444 499 2491; x_wconf 88' lang='lat' dir='ltr'>est.</span> <span class='ocrx_word' id='word_1_223' title='bbox 528 2445 741 2492; x_wconf 81' lang='lat' dir='ltr'>nobilitas</span> <span class='ocrx_word' id='word_1_224' title='bbox 768 2444 1029 2509; x_wconf 84' lang='lat' dir='ltr'>equitesque</span> <span class='ocrx_word' id='word_1_225' title='bbox 1047 2446 1300 2491; x_wconf 85' lang='lat' dir='ltr'>Bovianum</span> <span class='ocrx_word' id='word_1_226' title='bbox 1322 2462 1421 2506; x_wconf 79' lang='lat' dir='ltr'>pcr-</span> 
     </span>
     <span class='ocr_line' id='line_1_32' title="bbox 123 2516 1406 2583; baseline -0.002 -20"><span class='ocrx_word' id='word_1_227' title='bbox 123 2516 365 2581; x_wconf 74' lang='lat' dir='ltr'>fugerunt:</span> <span class='ocrx_word' id='word_1_228' title='bbox 402 2518 576 2580; x_wconf 85' lang='lat' dir='ltr'>equites</span> <span class='ocrx_word' id='word_1_229' title='bbox 607 2535 742 2583; x_wconf 85' lang='lat' dir='ltr'>eques</span> <span class='ocrx_word' id='word_1_230' title='bbox 777 2518 1001 2583; x_wconf 82' lang='lat' dir='ltr'>sequitur,</span> <span class='ocrx_word' id='word_1_231' title='bbox 1022 2519 1217 2581; x_wconf 64' lang='lat' dir='ltr'>peditem</span> <span class='ocrx_word' id='word_1_232' title='bbox 1255 2535 1281 2580; x_wconf 85' lang='lat' dir='ltr'>p</span> <span class='ocrx_word' id='word_1_233' title='bbox 1302 2517 1406 2562; x_wconf 63' lang='lat' dir='ltr'>edes</span> 
     </span>
     <span class='ocr_line' id='line_1_33' title="bbox 195 2591 1161 2646; baseline 0.003 -10"><span class='ocrx_word' id='word_1_234' title='bbox 195 2591 245 2639; x_wconf 84' lang='lat' dir='ltr'>T.</span> <span class='ocrx_word' id='word_1_235' title='bbox 272 2591 391 2637; x_wconf 74' lang='lat' dir='ltr'>Livii</span> <span class='ocrx_word' id='word_1_236' title='bbox 424 2595 524 2646; x_wconf 69' lang='lat' dir='ltr'>Vol.</span> <span class='ocrx_word' id='word_1_237' title='bbox 549 2594 639 2639; x_wconf 84' lang='lat' dir='ltr'><em>III.</em></span> <span class='ocrx_word' id='word_1_238' title='bbox 1130 2591 1161 2631; x_wconf 72' lang='lat' dir='ltr'>F·</span> 
     </span>
    </p>
   </div>
  </div>
 </body>
</html>
