<?xml version="1.0" encoding="UTF-8"?>
<!DOCTYPE html PUBLIC "-//W3C//DTD XHTML 1.0 Transitional//EN"
    "http://www.w3.org/TR/xhtml1/DTD/xhtml1-transitional.dtd">
<html xmlns="http://www.w3.org/1999/xhtml" xml:lang="en" lang="en">
 <head>
  <title>
</title>
<meta http-equiv="Content-Type" content="text/html;charset=utf-8" />
  <meta name='ocr-system' content='tesseract 3.04.00' />
  <meta name='ocr-capabilities' content='ocr_page ocr_carea ocr_par ocr_line ocrx_word'/>
</head>
<body>
  <div class='ocr_page' id='page_1' title='image "./historiarumlibri03livyuoft_0418.png"; bbox 0 0 1701 3008; ppageno 0'>
   <div class='ocr_carea' id='block_1_1' title="bbox 319 176 1238 239">
    <p class='ocr_par' dir='ltr' id='par_1_1' title="bbox 319 176 1238 239">
     <span class='ocr_line' id='line_1_1' title="bbox 319 176 1238 239; baseline 0.001 -14"><span class='ocrx_word' id='word_1_1' title='bbox 319 192 412 239; x_wconf 83' lang='lat'><strong>410</strong></span> <span class='ocrx_word' id='word_1_2' title='bbox 676 176 1238 226; x_wconf 79' lang='lat' dir='ltr'>TITILIVII</span> 
     </span>
    </p>
   </div>
   <div class='ocr_carea' id='block_1_2' title="bbox 319 284 1661 2541">
    <p class='ocr_par' dir='ltr' id='par_1_2' title="bbox 319 284 1600 422">
     <span class='ocr_line' id='line_1_2' title="bbox 320 284 1600 351; baseline 0.005 -20"><span class='ocrx_word' id='word_1_3' title='bbox 320 285 422 344; x_wconf 89' lang='lat' dir='ltr'><strong>his,</strong></span> <span class='ocrx_word' id='word_1_4' title='bbox 462 285 540 349; x_wconf 86' lang='lat' dir='ltr'><strong>qui</strong></span> <span class='ocrx_word' id='word_1_5' title='bbox 573 285 741 348; x_wconf 86' lang='lat' dir='ltr'><strong>proelio</strong></span> <span class='ocrx_word' id='word_1_6' title='bbox 775 286 830 332; x_wconf 89' lang='lat' dir='ltr'><strong>ad</strong></span> <span class='ocrx_word' id='word_1_7' title='bbox 867 284 1078 334; x_wconf 81' lang='lat' dir='ltr'><strong>Trebiam</strong></span> <span class='ocrx_word' id='word_1_8' title='bbox 1111 286 1229 334; x_wconf 58' lang='lat' dir='ltr'><strong>facto</strong></span> <span class='ocrx_word' id='word_1_9' title='bbox 1260 285 1600 351; x_wconf 59' lang='lat' dir='ltr'><strong>superfuerant}</strong></span> 
     </span>
     <span class='ocr_line' id='line_1_3' title="bbox 319 359 707 422; baseline 0.003 -16"><span class='ocrx_word' id='word_1_10' title='bbox 319 359 482 422; x_wconf 85' lang='lat' dir='ltr'><strong>septem</strong></span> <span class='ocrx_word' id='word_1_11' title='bbox 503 359 707 408; x_wconf 85' lang='lat' dir='ltr'><strong>absumti.</strong></span> 
     </span>
    </p>

    <p class='ocr_par' dir='ltr' id='par_1_3' title="bbox 321 433 1661 2467">
     <span class='ocr_line' id='line_1_4' title="bbox 382 433 1600 497; baseline 0.004 -19"><span class='ocrx_word' id='word_1_12' title='bbox 382 433 502 479; x_wconf 74' lang='lat' dir='ltr'>LIX.</span> <span class='ocrx_word' id='word_1_13' title='bbox 534 433 775 497; x_wconf 81' lang='lat' dir='ltr'><strong>Degreffus</strong></span> <span class='ocrx_word' id='word_1_14' title='bbox 807 435 1050 497; x_wconf 83' lang='lat' dir='ltr'><strong>Apennino</strong></span> <span class='ocrx_word' id='word_1_15' title='bbox 1086 445 1209 483; x_wconf 88' lang='lat' dir='ltr'><strong>retro</strong></span> <span class='ocrx_word' id='word_1_16' title='bbox 1240 434 1295 481; x_wconf 87' lang='lat' dir='ltr'><strong>ad</strong></span> <span class='ocrx_word' id='word_1_17' title='bbox 1327 434 1600 483; x_wconf 82' lang='lat' dir='ltr'><strong>Placentiam</strong></span> 
     </span>
     <span class='ocr_line' id='line_1_5' title="bbox 321 506 1602 570; baseline 0.004 -19"><span class='ocrx_word' id='word_1_18' title='bbox 321 506 454 552; x_wconf 82' lang='lat' dir='ltr'><strong>castra</strong></span> <span class='ocrx_word' id='word_1_19' title='bbox 483 507 665 565; x_wconf 88' lang='lat' dir='ltr'><strong>movit,</strong></span> <span class='ocrx_word' id='word_1_20' title='bbox 699 509 748 554; x_wconf 87' lang='lat'>&amp;</span> <span class='ocrx_word' id='word_1_21' title='bbox 768 508 821 554; x_wconf 86' lang='lat' dir='ltr'><strong>ad</strong></span> <span class='ocrx_word' id='word_1_22' title='bbox 844 509 997 555; x_wconf 85' lang='lat' dir='ltr'><strong>decem</strong></span> <span class='ocrx_word' id='word_1_23' title='bbox 1031 507 1171 554; x_wconf 89' lang='lat' dir='ltr'><strong>millia</strong></span> <span class='ocrx_word' id='word_1_24' title='bbox 1201 508 1453 570; x_wconf 77' lang='lat' dir='ltr'><strong>progressus</strong></span> <span class='ocrx_word' id='word_1_25' title='bbox 1487 525 1602 556; x_wconf 88' lang='lat' dir='ltr'><strong>con-</strong></span> 
     </span>
     <span class='ocr_line' id='line_1_6' title="bbox 321 578 1605 645; baseline 0.002 -21"><span class='ocrx_word' id='word_1_26' title='bbox 321 578 448 626; x_wconf 80' lang='lat' dir='ltr'><strong>sedit.</strong></span> <span class='ocrx_word' id='word_1_27' title='bbox 482 579 665 642; x_wconf 87' lang='lat' dir='ltr'><strong>postero</strong></span> <span class='ocrx_word' id='word_1_28' title='bbox 692 580 762 626; x_wconf 91' lang='lat' dir='ltr'><strong>die</strong></span> <span class='ocrx_word' id='word_1_29' title='bbox 785 580 1025 627; x_wconf 82' lang='lat' dir='ltr'><strong>duodecim</strong></span> <span class='ocrx_word' id='word_1_30' title='bbox 1045 580 1185 639; x_wconf 82' lang='lat' dir='ltr'><strong>millia</strong></span> <span class='ocrx_word' id='word_1_31' title='bbox 1214 581 1439 642; x_wconf 75' lang='lat' dir='ltr'><strong>peditum,</strong></span> <span class='ocrx_word' id='word_1_32' title='bbox 1464 582 1605 645; x_wconf 66' lang='lat' dir='ltr'><strong>quin-⁴</strong></span> 
     </span>
     <span class='ocr_line' id='line_1_7' title="bbox 322 653 1607 717; baseline 0.004 -20"><span class='ocrx_word' id='word_1_33' title='bbox 322 669 408 715; x_wconf 87' lang='lat' dir='ltr'><strong>que</strong></span> <span class='ocrx_word' id='word_1_34' title='bbox 436 653 634 716; x_wconf 88' lang='lat' dir='ltr'><strong>equitum</strong></span> <span class='ocrx_word' id='word_1_35' title='bbox 656 654 866 709; x_wconf 82' lang='lat' dir='ltr'><strong>adversus</strong></span> <span class='ocrx_word' id='word_1_36' title='bbox 896 655 1068 701; x_wconf 89' lang='lat' dir='ltr'><strong>hostem</strong></span> <span class='ocrx_word' id='word_1_37' title='bbox 1103 654 1242 701; x_wconf 84' lang='lat' dir='ltr'><strong>ducit.</strong></span> <span class='ocrx_word' id='word_1_38' title='bbox 1276 656 1373 702; x_wconf 86' lang='lat' dir='ltr'><strong>Nec</strong></span> <span class='ocrx_word' id='word_1_39' title='bbox 1392 656 1607 717; x_wconf 69' lang='lat' dir='ltr'><strong>Sempro-⁴</strong></span> 
     </span>
     <span class='ocr_line' id='line_1_8' title="bbox 323 727 1607 793; baseline 0.004 -22"><span class='ocrx_word' id='word_1_40' title='bbox 323 728 424 772; x_wconf 86' lang='lat' dir='ltr'><strong>nius</strong></span> <span class='ocrx_word' id='word_1_41' title='bbox 445 727 602 774; x_wconf 84' lang='lat' dir='ltr'><strong>consul</strong></span> <span class='ocrx_word' id='word_1_42' title='bbox 629 727 744 792; x_wconf 85' lang='lat' dir='ltr'><strong>(jam</strong></span> <span class='ocrx_word' id='word_1_43' title='bbox 763 730 881 776; x_wconf 83' lang='lat' dir='ltr'><strong>enim</strong></span> <span class='ocrx_word' id='word_1_44' title='bbox 899 729 1091 777; x_wconf 83' lang='lat' dir='ltr'><strong>redierat</strong></span> <span class='ocrx_word' id='word_1_45' title='bbox 1111 731 1166 777; x_wconf 89' lang='lat' dir='ltr'><strong>ab</strong></span> <span class='ocrx_word' id='word_1_46' title='bbox 1189 728 1367 793; x_wconf 83' lang='lat' dir='ltr'><strong>Roma)</strong></span> <span class='ocrx_word' id='word_1_47' title='bbox 1389 731 1607 789; x_wconf 56' lang='lat' dir='ltr'><strong>deffecias-</strong></span> 
     </span>
     <span class='ocr_line' id='line_1_9' title="bbox 326 799 1605 865; baseline 0.003 -19"><span class='ocrx_word' id='word_1_48' title='bbox 326 799 395 846; x_wconf 82' lang='lat' dir='ltr'><strong>vit</strong></span> <span class='ocrx_word' id='word_1_49' title='bbox 422 812 674 848; x_wconf 81' lang='lat' dir='ltr'><strong>certamen:</strong></span> <span class='ocrx_word' id='word_1_50' title='bbox 702 814 839 865; x_wconf 86' lang='lat' dir='ltr'><strong>atque</strong></span> <span class='ocrx_word' id='word_1_51' title='bbox 861 820 916 849; x_wconf 90' lang='lat' dir='ltr'><strong>eo</strong></span> <span class='ocrx_word' id='word_1_52' title='bbox 938 802 1007 848; x_wconf 88' lang='lat' dir='ltr'><strong>die</strong></span> <span class='ocrx_word' id='word_1_53' title='bbox 1036 801 1118 848; x_wconf 82' lang='lat' dir='ltr'><strong>tria</strong></span> <span class='ocrx_word' id='word_1_54' title='bbox 1145 802 1286 849; x_wconf 85' lang='lat' dir='ltr'><strong>millia</strong></span> <span class='ocrx_word' id='word_1_55' title='bbox 1311 803 1509 865; x_wconf 76' lang='lat' dir='ltr'><strong>passuum</strong></span> <span class='ocrx_word' id='word_1_56' title='bbox 1531 803 1605 850; x_wconf 88' lang='lat' dir='ltr'><strong>in-</strong></span> 
     </span>
     <span class='ocr_line' id='line_1_10' title="bbox 325 871 1606 937; baseline 0.004 -22"><span class='ocrx_word' id='word_1_57' title='bbox 325 881 394 916; x_wconf 90' lang='lat' dir='ltr'><strong>ter</strong></span> <span class='ocrx_word' id='word_1_58' title='bbox 414 871 518 917; x_wconf 85' lang='lat' dir='ltr'><strong>bina</strong></span> <span class='ocrx_word' id='word_1_59' title='bbox 542 872 680 919; x_wconf 74' lang='lat' dir='ltr'><strong>castra</strong></span> <span class='ocrx_word' id='word_1_60' title='bbox 699 872 833 920; x_wconf 86' lang='lat' dir='ltr'><strong>fuere.</strong></span> <span class='ocrx_word' id='word_1_61' title='bbox 853 874 1036 920; x_wconf 86' lang='lat' dir='ltr'><strong>Postero</strong></span> <span class='ocrx_word' id='word_1_62' title='bbox 1057 874 1126 919; x_wconf 89' lang='lat' dir='ltr'><strong>die</strong></span> <span class='ocrx_word' id='word_1_63' title='bbox 1147 874 1401 937; x_wconf 82' lang='lat' dir='ltr'><strong>ingentibus</strong></span> <span class='ocrx_word' id='word_1_64' title='bbox 1422 874 1606 933; x_wconf 73' lang='lat' dir='ltr'><strong>animis‚</strong></span> 
     </span>
     <span class='ocr_line' id='line_1_11' title="bbox 327 944 1607 1010; baseline 0.004 -21"><span class='ocrx_word' id='word_1_65' title='bbox 327 944 458 990; x_wconf 86' lang='lat' dir='ltr'><strong>vario</strong></span> <span class='ocrx_word' id='word_1_66' title='bbox 487 961 655 992; x_wconf 87' lang='lat' dir='ltr'><strong>eventu</strong></span> <span class='ocrx_word' id='word_1_67' title='bbox 671 983 685 1004; x_wconf 90' lang='lat'>‚</span> <span class='ocrx_word' id='word_1_68' title='bbox 705 959 951 1010; x_wconf 82' lang='lat' dir='ltr'><strong>pugnatum</strong></span> <span class='ocrx_word' id='word_1_69' title='bbox 971 947 1047 995; x_wconf 85' lang='lat' dir='ltr'><strong>est.</strong></span> <span class='ocrx_word' id='word_1_70' title='bbox 1070 947 1227 1010; x_wconf 48' lang='lat' dir='ltr'><strong>*primo</strong></span> <span class='ocrx_word' id='word_1_71' title='bbox 1249 947 1472 995; x_wconf 87' lang='lat' dir='ltr'><strong>concursu</strong></span> <span class='ocrx_word' id='word_1_72' title='bbox 1491 947 1607 994; x_wconf 80' lang='lat' dir='ltr'><strong>adeo</strong></span> 
     </span>
     <span class='ocr_line' id='line_1_12' title="bbox 325 1018 1609 1082; baseline 0.005 -21"><span class='ocrx_word' id='word_1_73' title='bbox 325 1031 394 1061; x_wconf 86' lang='lat' dir='ltr'><strong>res</strong></span> <span class='ocrx_word' id='word_1_74' title='bbox 424 1018 628 1065; x_wconf 84' lang='lat' dir='ltr'><strong>Romana</strong></span> <span class='ocrx_word' id='word_1_75' title='bbox 658 1018 863 1082; x_wconf 81' lang='lat' dir='ltr'><strong>superior</strong></span> <span class='ocrx_word' id='word_1_76' title='bbox 891 1019 1010 1078; x_wconf 80' lang='lat' dir='ltr'><strong>fuit,</strong></span> <span class='ocrx_word' id='word_1_77' title='bbox 1043 1032 1092 1066; x_wconf 84' lang='lat' dir='ltr'><strong>ut</strong></span> <span class='ocrx_word' id='word_1_78' title='bbox 1121 1036 1215 1066; x_wconf 87' lang='lat' dir='ltr'><strong>non</strong></span> <span class='ocrx_word' id='word_1_79' title='bbox 1247 1019 1340 1066; x_wconf 85' lang='lat' dir='ltr'><strong>acie</strong></span> <span class='ocrx_word' id='word_1_80' title='bbox 1370 1019 1609 1067; x_wconf 84' lang='lat' dir='ltr'><strong>vincerent</strong></span> 
     </span>
     <span class='ocr_line' id='line_1_13' title="bbox 327 1086 1608 1156; baseline 0.004 -22"><span class='ocrx_word' id='word_1_81' title='bbox 327 1086 501 1147; x_wconf 86' lang='lat' dir='ltr'><strong>solum,</strong></span> <span class='ocrx_word' id='word_1_82' title='bbox 530 1089 604 1136; x_wconf 87' lang='lat' dir='ltr'><strong>sed</strong></span> <span class='ocrx_word' id='word_1_83' title='bbox 631 1092 782 1153; x_wconf 79' lang='lat' dir='ltr'><strong>pulsos</strong></span> <span class='ocrx_word' id='word_1_84' title='bbox 807 1092 954 1140; x_wconf 80' lang='lat' dir='ltr'><strong>hostes</strong></span> <span class='ocrx_word' id='word_1_85' title='bbox 977 1093 1025 1139; x_wconf 89' lang='lat' dir='ltr'><strong>in</strong></span> <span class='ocrx_word' id='word_1_86' title='bbox 1054 1093 1191 1150; x_wconf 83' lang='lat' dir='ltr'><strong>castra</strong></span> <span class='ocrx_word' id='word_1_87' title='bbox 1217 1092 1608 1156; x_wconf 89' lang='lat' dir='ltr'><strong>persequerentur;</strong></span> 
     </span>
     <span class='ocr_line' id='line_1_14' title="bbox 329 1163 1612 1230; baseline 0.004 -23"><span class='ocrx_word' id='word_1_88' title='bbox 329 1178 440 1208; x_wconf 76' lang='lat' dir='ltr'><strong>mox</strong></span> <span class='ocrx_word' id='word_1_89' title='bbox 469 1163 606 1211; x_wconf 82' lang='lat' dir='ltr'><strong>castra</strong></span> <span class='ocrx_word' id='word_1_90' title='bbox 634 1182 820 1229; x_wconf 83' lang='lat' dir='ltr'><strong>quoque</strong></span> <span class='ocrx_word' id='word_1_91' title='bbox 855 1178 1182 1230; x_wconf 79' lang='lat' dir='ltr'><strong>oppugnarent.</strong></span> <span class='ocrx_word' id='word_1_92' title='bbox 1216 1165 1474 1224; x_wconf 83' lang='lat' dir='ltr'><strong>Hannibal,</strong></span> <span class='ocrx_word' id='word_1_93' title='bbox 1503 1183 1612 1228; x_wconf 86' lang='lat' dir='ltr'><strong>pau-</strong></span> 
     </span>
     <span class='ocr_line' id='line_1_15' title="bbox 331 1235 1610 1301; baseline 0.003 -21"><span class='ocrx_word' id='word_1_94' title='bbox 331 1235 394 1281; x_wconf 84' lang='lat' dir='ltr'><strong>cis</strong></span> <span class='ocrx_word' id='word_1_95' title='bbox 426 1238 838 1299; x_wconf 80' lang='lat' dir='ltr'><strong>propugnatoribus</strong></span> <span class='ocrx_word' id='word_1_96' title='bbox 866 1238 912 1283; x_wconf 87' lang='lat' dir='ltr'><strong>in</strong></span> <span class='ocrx_word' id='word_1_97' title='bbox 935 1237 1059 1284; x_wconf 85' lang='lat' dir='ltr'><strong>vallo</strong></span> <span class='ocrx_word' id='word_1_98' title='bbox 1079 1237 1310 1301; x_wconf 86' lang='lat' dir='ltr'><strong>portisque</strong></span> <span class='ocrx_word' id='word_1_99' title='bbox 1331 1237 1486 1301; x_wconf 79' lang='lat' dir='ltr'><strong>positis</strong></span> <span class='ocrx_word' id='word_1_100' title='bbox 1501 1273 1517 1296; x_wconf 82' lang='lat'>,</span> <span class='ocrx_word' id='word_1_101' title='bbox 1539 1254 1610 1286; x_wconf 89' lang='lat' dir='ltr'><strong>ce-</strong></span> 
     </span>
     <span class='ocr_line' id='line_1_16' title="bbox 329 1309 1612 1372; baseline 0.002 -20"><span class='ocrx_word' id='word_1_102' title='bbox 329 1317 452 1354; x_wconf 84' lang='lat' dir='ltr'><strong>teros</strong></span> <span class='ocrx_word' id='word_1_103' title='bbox 480 1309 713 1357; x_wconf 81' lang='lat' dir='ltr'><strong>confertos</strong></span> <span class='ocrx_word' id='word_1_104' title='bbox 740 1309 786 1357; x_wconf 87' lang='lat' dir='ltr'><strong>in</strong></span> <span class='ocrx_word' id='word_1_105' title='bbox 814 1311 961 1357; x_wconf 88' lang='lat' dir='ltr'><strong>media</strong></span> <span class='ocrx_word' id='word_1_106' title='bbox 995 1310 1133 1357; x_wconf 85' lang='lat' dir='ltr'><strong>castra</strong></span> <span class='ocrx_word' id='word_1_107' title='bbox 1161 1310 1358 1372; x_wconf 84' lang='lat' dir='ltr'><strong>recepit,</strong></span> <span class='ocrx_word' id='word_1_108' title='bbox 1389 1309 1612 1356; x_wconf 86' lang='lat' dir='ltr'><strong>intentos-</strong></span> 
     </span>
     <span class='ocr_line' id='line_1_17' title="bbox 330 1375 1661 1446; baseline 0.003 -22"><span class='ocrx_word' id='word_1_109' title='bbox 330 1395 418 1442; x_wconf 87' lang='lat' dir='ltr'><strong>que</strong></span> <span class='ocrx_word' id='word_1_110' title='bbox 438 1380 609 1444; x_wconf 71' lang='lat' dir='ltr'><strong>signum</strong></span> <span class='ocrx_word' id='word_1_111' title='bbox 633 1382 688 1428; x_wconf 84' lang='lat' dir='ltr'><strong>ad</strong></span> <span class='ocrx_word' id='word_1_112' title='bbox 706 1383 1032 1446; x_wconf 82' lang='lat' dir='ltr'><strong>erumpendum</strong></span> <span class='ocrx_word' id='word_1_113' title='bbox 1052 1382 1242 1445; x_wconf 60' lang='lat' dir='ltr'><strong>spectare</strong></span> <span class='ocrx_word' id='word_1_114' title='bbox 1260 1382 1399 1444; x_wconf 85' lang='lat' dir='ltr'><strong>jubet.</strong></span> <span class='ocrx_word' id='word_1_115' title='bbox 1417 1383 1508 1429; x_wconf 89' lang='lat' dir='ltr'><strong>Jam</strong></span> <span class='ocrx_word' id='word_1_116' title='bbox 1527 1398 1611 1428; x_wconf 77' lang='lat' dir='ltr'><strong>no·</strong></span> <span class='ocrx_word' id='word_1_117' title='bbox 1659 1375 1661 1377; x_wconf 28' lang='lat'><strong><em>¹</em></strong></span> 
     </span>
     <span class='ocr_line' id='line_1_18' title="bbox 331 1452 1611 1518; baseline 0.002 -21"><span class='ocrx_word' id='word_1_118' title='bbox 331 1469 390 1500; x_wconf 84' lang='lat' dir='ltr'><strong>na</strong></span> <span class='ocrx_word' id='word_1_119' title='bbox 423 1452 561 1500; x_wconf 89' lang='lat' dir='ltr'><strong>ferme</strong></span> <span class='ocrx_word' id='word_1_120' title='bbox 590 1455 675 1501; x_wconf 85' lang='lat' dir='ltr'><strong>diei</strong></span> <span class='ocrx_word' id='word_1_121' title='bbox 705 1454 816 1501; x_wconf 80' lang='lat' dir='ltr'><strong>hora</strong></span> <span class='ocrx_word' id='word_1_122' title='bbox 845 1466 968 1511; x_wconf 86' lang='lat' dir='ltr'><strong>erat,</strong></span> <span class='ocrx_word' id='word_1_123' title='bbox 1001 1472 1102 1502; x_wconf 88' lang='lat' dir='ltr'><strong>cum</strong></span> <span class='ocrx_word' id='word_1_124' title='bbox 1122 1456 1388 1513; x_wconf 76' lang='lat' dir='ltr'><strong>Romanus,</strong></span> <span class='ocrx_word' id='word_1_125' title='bbox 1420 1454 1611 1518; x_wconf 79' lang='lat' dir='ltr'><strong>nequid-</strong></span> 
     </span>
     <span class='ocr_line' id='line_1_19' title="bbox 332 1527 1612 1592; baseline 0.003 -22"><span class='ocrx_word' id='word_1_126' title='bbox 332 1541 467 1587; x_wconf 83' lang='lat' dir='ltr'><strong>quam</strong></span> <span class='ocrx_word' id='word_1_127' title='bbox 492 1527 675 1590; x_wconf 83' lang='lat' dir='ltr'><strong>fatigato</strong></span> <span class='ocrx_word' id='word_1_128' title='bbox 698 1529 837 1574; x_wconf 85' lang='lat' dir='ltr'><strong>milite</strong></span> <span class='ocrx_word' id='word_1_129' title='bbox 854 1565 866 1583; x_wconf 89' lang='lat'><em>‚</em></span> <span class='ocrx_word' id='word_1_130' title='bbox 892 1529 1125 1592; x_wconf 86' lang='lat' dir='ltr'><strong>postquam</strong></span> <span class='ocrx_word' id='word_1_131' title='bbox 1147 1528 1269 1575; x_wconf 86' lang='lat' dir='ltr'><strong>nulla</strong></span> <span class='ocrx_word' id='word_1_132' title='bbox 1296 1528 1390 1590; x_wconf 86' lang='lat' dir='ltr'><strong>spes</strong></span> <span class='ocrx_word' id='word_1_133' title='bbox 1417 1540 1511 1575; x_wconf 88' lang='lat' dir='ltr'><strong>erat</strong></span> <span class='ocrx_word' id='word_1_134' title='bbox 1530 1545 1612 1591; x_wconf 74' lang='lat' dir='ltr'><strong>po-</strong></span> 
     </span>
     <span class='ocr_line' id='line_1_20' title="bbox 333 1597 1613 1664; baseline 0.004 -21"><span class='ocrx_word' id='word_1_135' title='bbox 333 1597 477 1646; x_wconf 84' lang='lat' dir='ltr'><strong>tiundi</strong></span> <span class='ocrx_word' id='word_1_136' title='bbox 493 1600 664 1657; x_wconf 83' lang='lat' dir='ltr'><strong>castris,</strong></span> <span class='ocrx_word' id='word_1_137' title='bbox 682 1601 852 1664; x_wconf 80' lang='lat' dir='ltr'><strong>signum</strong></span> <span class='ocrx_word' id='word_1_138' title='bbox 870 1602 1069 1664; x_wconf 86' lang='lat' dir='ltr'><strong>receptui</strong></span> <span class='ocrx_word' id='word_1_139' title='bbox 1085 1601 1218 1647; x_wconf 87' lang='lat' dir='ltr'><strong>dedit.</strong></span> <span class='ocrx_word' id='word_1_140' title='bbox 1239 1601 1382 1661; x_wconf 78' lang='lat' dir='ltr'><strong>Quod</strong></span> <span class='ocrx_word' id='word_1_141' title='bbox 1399 1600 1476 1647; x_wconf 92' lang='lat' dir='ltr'><strong>ubi</strong></span> <span class='ocrx_word' id='word_1_142' title='bbox 1491 1602 1613 1648; x_wconf 85' lang='lat' dir='ltr'><strong>Han-</strong></span> 
     </span>
     <span class='ocr_line' id='line_1_21' title="bbox 335 1671 1617 1739; baseline 0.005 -23"><span class='ocrx_word' id='word_1_143' title='bbox 335 1671 457 1719; x_wconf 87' lang='lat' dir='ltr'><strong>nibal</strong></span> <span class='ocrx_word' id='word_1_144' title='bbox 488 1674 690 1737; x_wconf 83' lang='lat' dir='ltr'><strong>accepit‚</strong></span> <span class='ocrx_word' id='word_1_145' title='bbox 725 1676 1005 1739; x_wconf 74' lang='lat' dir='ltr'><strong>laxatamque</strong></span> <span class='ocrx_word' id='word_1_146' title='bbox 1039 1692 1232 1738; x_wconf 85' lang='lat' dir='ltr'><strong>pugnam</strong></span> <span class='ocrx_word' id='word_1_147' title='bbox 1266 1674 1563 1722; x_wconf 69' lang='lat' dir='ltr'><strong>&amp;recessum</strong></span> <span class='ocrx_word' id='word_1_148' title='bbox 1590 1692 1617 1722; x_wconf 77' lang='lat' dir='ltr'><strong>a</strong></span> 
     </span>
     <span class='ocr_line' id='line_1_22' title="bbox 334 1746 1616 1812; baseline 0.002 -18"><span class='ocrx_word' id='word_1_149' title='bbox 334 1746 483 1794; x_wconf 78' lang='lat' dir='ltr'><strong>castris</strong></span> <span class='ocrx_word' id='word_1_150' title='bbox 516 1748 665 1807; x_wconf 82' lang='lat' dir='ltr'><strong>vidit,</strong></span> <span class='ocrx_word' id='word_1_151' title='bbox 698 1750 927 1812; x_wconf 83' lang='lat' dir='ltr'><strong>extemplo</strong></span> <span class='ocrx_word' id='word_1_152' title='bbox 961 1750 1187 1812; x_wconf 84' lang='lat' dir='ltr'><strong>equitibus</strong></span> <span class='ocrx_word' id='word_1_153' title='bbox 1222 1749 1377 1796; x_wconf 82' lang='lat' dir='ltr'><strong>dextra</strong></span> <span class='ocrx_word' id='word_1_154' title='bbox 1409 1748 1616 1811; x_wconf 78' lang='lat' dir='ltr'><strong>laevaque</strong></span> 
     </span>
     <span class='ocr_line' id='line_1_23' title="bbox 335 1818 1615 1884; baseline 0.003 -21"><span class='ocrx_word' id='word_1_155' title='bbox 335 1818 494 1864; x_wconf 66' lang='lat' dir='ltr'><strong>emissis</strong></span> <span class='ocrx_word' id='word_1_156' title='bbox 524 1820 569 1864; x_wconf 82' lang='lat' dir='ltr'><strong>in</strong></span> <span class='ocrx_word' id='word_1_157' title='bbox 596 1820 767 1867; x_wconf 82' lang='lat' dir='ltr'><strong>hostem</strong></span> <span class='ocrx_word' id='word_1_158' title='bbox 785 1858 799 1881; x_wconf 84' lang='lat'>‚</span> <span class='ocrx_word' id='word_1_159' title='bbox 826 1821 917 1884; x_wconf 79' lang='lat' dir='ltr'><strong>ipse</strong></span> <span class='ocrx_word' id='word_1_160' title='bbox 948 1839 1049 1869; x_wconf 86' lang='lat' dir='ltr'><strong>cum</strong></span> <span class='ocrx_word' id='word_1_161' title='bbox 1084 1820 1284 1884; x_wconf 82' lang='lat' dir='ltr'><strong>peditum</strong></span> <span class='ocrx_word' id='word_1_162' title='bbox 1313 1821 1483 1867; x_wconf 87' lang='lat' dir='ltr'><strong>robore</strong></span> <span class='ocrx_word' id='word_1_163' title='bbox 1518 1837 1615 1867; x_wconf 83' lang='lat' dir='ltr'><strong>me—</strong></span> 
     </span>
     <span class='ocr_line' id='line_1_24' title="bbox 338 1891 1616 1958; baseline 0.005 -23"><span class='ocrx_word' id='word_1_164' title='bbox 338 1891 436 1938; x_wconf 83' lang='lat' dir='ltr'><strong>dius</strong></span> <span class='ocrx_word' id='word_1_165' title='bbox 467 1892 616 1939; x_wconf 83' lang='lat' dir='ltr'><strong>castris</strong></span> <span class='ocrx_word' id='word_1_166' title='bbox 639 1894 798 1957; x_wconf 82' lang='lat' dir='ltr'><strong>erupit.</strong></span> <span class='ocrx_word' id='word_1_167' title='bbox 831 1912 979 1958; x_wconf 84' lang='lat' dir='ltr'><strong>pugna</strong></span> <span class='ocrx_word' id='word_1_168' title='bbox 1008 1910 1112 1941; x_wconf 85' lang='lat' dir='ltr'><strong>raro</strong></span> <span class='ocrx_word' id='word_1_169' title='bbox 1132 1893 1223 1940; x_wconf 87' lang='lat' dir='ltr'><strong>ulla</strong></span> <span class='ocrx_word' id='word_1_170' title='bbox 1241 1894 1378 1957; x_wconf 76' lang='lat' dir='ltr'><strong>magis</strong></span> <span class='ocrx_word' id='word_1_171' title='bbox 1396 1893 1540 1950; x_wconf 77' lang='lat' dir='ltr'><strong>saeva,</strong></span> <span class='ocrx_word' id='word_1_172' title='bbox 1565 1895 1616 1942; x_wconf 86' lang='lat'>&amp;</span> 
     </span>
     <span class='ocr_line' id='line_1_25' title="bbox 340 1968 1617 2032; baseline 0.005 -22"><span class='ocrx_word' id='word_1_173' title='bbox 340 1982 440 2011; x_wconf 84' lang='lat' dir='ltr'><strong>cum</strong></span> <span class='ocrx_word' id='word_1_174' title='bbox 474 1968 699 2032; x_wconf 88' lang='lat' dir='ltr'><strong>utriusque</strong></span> <span class='ocrx_word' id='word_1_175' title='bbox 723 1970 860 2032; x_wconf 83' lang='lat' dir='ltr'><strong>partis</strong></span> <span class='ocrx_word' id='word_1_176' title='bbox 880 1969 1077 2032; x_wconf 88' lang='lat' dir='ltr'><strong>pernicie</strong></span> <span class='ocrx_word' id='word_1_177' title='bbox 1097 1969 1261 2017; x_wconf 85' lang='lat' dir='ltr'><strong>clarior</strong></span> <span class='ocrx_word' id='word_1_178' title='bbox 1280 1968 1424 2016; x_wconf 83' lang='lat' dir='ltr'><strong>fuiffet</strong></span> <span class='ocrx_word' id='word_1_179' title='bbox 1443 2005 1457 2026; x_wconf 89' lang='lat'><strong>‚</strong></span> <span class='ocrx_word' id='word_1_180' title='bbox 1485 1969 1517 2015; x_wconf 88' lang='lat' dir='ltr'><strong>fi</strong></span> <span class='ocrx_word' id='word_1_181' title='bbox 1534 1986 1617 2021; x_wconf 49' lang='lat' dir='ltr'><strong>exe</strong></span> 
     </span>
     <span class='ocr_line' id='line_1_26' title="bbox 338 2038 1619 2105; baseline 0.004 -21"><span class='ocrx_word' id='word_1_182' title='bbox 338 2038 460 2084; x_wconf 79' lang='lat' dir='ltr'><strong>tendi</strong></span> <span class='ocrx_word' id='word_1_183' title='bbox 485 2056 578 2086; x_wconf 86' lang='lat' dir='ltr'><strong>eam</strong></span> <span class='ocrx_word' id='word_1_184' title='bbox 603 2042 693 2087; x_wconf 77' lang='lat' dir='ltr'><strong>dies</strong></span> <span class='ocrx_word' id='word_1_185' title='bbox 712 2042 759 2088; x_wconf 88' lang='lat' dir='ltr'><strong>in</strong></span> <span class='ocrx_word' id='word_1_186' title='bbox 781 2043 967 2105; x_wconf 82' lang='lat' dir='ltr'><strong>longum</strong></span> <span class='ocrx_word' id='word_1_187' title='bbox 986 2041 1171 2105; x_wconf 85' lang='lat' dir='ltr'><strong>spatium</strong></span> <span class='ocrx_word' id='word_1_188' title='bbox 1193 2041 1370 2088; x_wconf 71' lang='lat' dir='ltr'><strong>sivisset.</strong></span> <span class='ocrx_word' id='word_1_189' title='bbox 1405 2043 1516 2105; x_wconf 78' lang='lat' dir='ltr'><strong>Nox</strong></span> <span class='ocrx_word' id='word_1_190' title='bbox 1537 2059 1619 2089; x_wconf 83' lang='lat' dir='ltr'><strong>ac-</strong></span> 
     </span>
     <span class='ocr_line' id='line_1_27' title="bbox 341 2111 1617 2178; baseline 0.004 -23"><span class='ocrx_word' id='word_1_191' title='bbox 341 2111 520 2159; x_wconf 83' lang='lat' dir='ltr'><strong>censum</strong></span> <span class='ocrx_word' id='word_1_192' title='bbox 554 2114 809 2178; x_wconf 83' lang='lat' dir='ltr'><strong>ingentibus</strong></span> <span class='ocrx_word' id='word_1_193' title='bbox 841 2116 1000 2163; x_wconf 82' lang='lat' dir='ltr'><strong>animis</strong></span> <span class='ocrx_word' id='word_1_194' title='bbox 1035 2116 1253 2178; x_wconf 79' lang='lat' dir='ltr'><strong>proelium</strong></span> <span class='ocrx_word' id='word_1_195' title='bbox 1293 2115 1490 2161; x_wconf 87' lang='lat' dir='ltr'><strong>diremit..</strong></span> <span class='ocrx_word' id='word_1_196' title='bbox 1528 2114 1617 2161; x_wconf 88' lang='lat' dir='ltr'><strong>ita-</strong></span> 
     </span>
     <span class='ocr_line' id='line_1_28' title="bbox 340 2186 1620 2252; baseline 0.004 -23"><span class='ocrx_word' id='word_1_197' title='bbox 340 2201 426 2247; x_wconf 85' lang='lat' dir='ltr'><strong>que</strong></span> <span class='ocrx_word' id='word_1_198' title='bbox 460 2188 606 2234; x_wconf 85' lang='lat' dir='ltr'><strong>acrior</strong></span> <span class='ocrx_word' id='word_1_199' title='bbox 638 2189 882 2236; x_wconf 84' lang='lat' dir='ltr'><strong>concursus</strong></span> <span class='ocrx_word' id='word_1_200' title='bbox 904 2189 1014 2248; x_wconf 79' lang='lat' dir='ltr'><strong>fuit,</strong></span> <span class='ocrx_word' id='word_1_201' title='bbox 1044 2206 1177 2252; x_wconf 87' lang='lat' dir='ltr'><strong>quam</strong></span> <span class='ocrx_word' id='word_1_202' title='bbox 1197 2188 1374 2243; x_wconf 76' lang='lat' dir='ltr'><strong>caedes3</strong></span> <span class='ocrx_word' id='word_1_203' title='bbox 1403 2188 1476 2243; x_wconf 86' lang='lat'><strong>&amp;‚</strong></span> <span class='ocrx_word' id='word_1_204' title='bbox 1506 2186 1620 2234; x_wconf 82' lang='lat' dir='ltr'><strong>ficut</strong></span> 
     </span>
     <span class='ocr_line' id='line_1_29' title="bbox 342 2258 1619 2324; baseline 0.002 -21"><span class='ocrx_word' id='word_1_205' title='bbox 342 2270 513 2318; x_wconf 83' lang='lat' dir='ltr'><strong>aequata</strong></span> <span class='ocrx_word' id='word_1_206' title='bbox 539 2259 677 2307; x_wconf 88' lang='lat' dir='ltr'><strong>ferme</strong></span> <span class='ocrx_word' id='word_1_207' title='bbox 705 2278 853 2324; x_wconf 83' lang='lat' dir='ltr'><strong>pugna</strong></span> <span class='ocrx_word' id='word_1_208' title='bbox 879 2274 996 2320; x_wconf 87' lang='lat' dir='ltr'><strong>erat,</strong></span> <span class='ocrx_word' id='word_1_209' title='bbox 1027 2262 1088 2308; x_wconf 82' lang='lat' dir='ltr'><strong>ita</strong></span> <span class='ocrx_word' id='word_1_210' title='bbox 1109 2261 1229 2308; x_wconf 83' lang='lat' dir='ltr'><strong>clade</strong></span> <span class='ocrx_word' id='word_1_211' title='bbox 1259 2259 1354 2322; x_wconf 84' lang='lat' dir='ltr'><strong>pari</strong></span> <span class='ocrx_word' id='word_1_212' title='bbox 1386 2258 1619 2306; x_wconf 78' lang='lat' dir='ltr'><strong>discessum</strong></span> 
     </span>
     <span class='ocr_line' id='line_1_30' title="bbox 341 2325 1620 2394; baseline 0.002 -21"><span class='ocrx_word' id='word_1_213' title='bbox 341 2325 414 2373; x_wconf 85' lang='lat' dir='ltr'><strong>est.</strong></span> <span class='ocrx_word' id='word_1_214' title='bbox 463 2328 519 2373; x_wconf 87' lang='lat' dir='ltr'><strong>ab</strong></span> <span class='ocrx_word' id='word_1_215' title='bbox 554 2343 709 2377; x_wconf 87' lang='lat' dir='ltr'><strong>neutra</strong></span> <span class='ocrx_word' id='word_1_216' title='bbox 747 2343 869 2393; x_wconf 84' lang='lat' dir='ltr'><strong>parte</strong></span> <span class='ocrx_word' id='word_1_217' title='bbox 898 2331 1117 2378; x_wconf 81' lang='lat' dir='ltr'><strong>sexcentis</strong></span> <span class='ocrx_word' id='word_1_218' title='bbox 1147 2331 1245 2394; x_wconf 88' lang='lat' dir='ltr'><strong>plus</strong></span> <span class='ocrx_word' id='word_1_219' title='bbox 1275 2329 1496 2392; x_wconf 87' lang='lat' dir='ltr'><strong>peditibus</strong></span> <span class='ocrx_word' id='word_1_220' title='bbox 1516 2365 1532 2388; x_wconf 87' lang='lat'>‚</span> <span class='ocrx_word' id='word_1_221' title='bbox 1567 2332 1620 2382; x_wconf 82' lang='lat'>&amp;</span> 
     </span>
     <span class='ocr_line' id='line_1_31' title="bbox 343 2400 1620 2467; baseline 0 -18"><span class='ocrx_word' id='word_1_222' title='bbox 343 2400 579 2449; x_wconf 77' lang='lat' dir='ltr'><strong>dimidium</strong></span> <span class='ocrx_word' id='word_1_223' title='bbox 610 2402 702 2465; x_wconf 84' lang='lat' dir='ltr'><strong>ejus</strong></span> <span class='ocrx_word' id='word_1_224' title='bbox 734 2405 932 2467; x_wconf 88' lang='lat' dir='ltr'><strong>equitum</strong></span> <span class='ocrx_word' id='word_1_225' title='bbox 965 2405 1139 2454; x_wconf 89' lang='lat' dir='ltr'><strong>cecidit.</strong></span> <span class='ocrx_word' id='word_1_226' title='bbox 1170 2403 1255 2450; x_wconf 87' lang='lat' dir='ltr'><strong>Sed</strong></span> <span class='ocrx_word' id='word_1_227' title='bbox 1287 2402 1430 2465; x_wconf 87' lang='lat' dir='ltr'><strong>major</strong></span> <span class='ocrx_word' id='word_1_228' title='bbox 1448 2405 1620 2449; x_wconf 76' lang='lat' dir='ltr'><strong>Roma·-</strong></span> 
     </span>
    </p>

    <p class='ocr_par' dir='ltr' id='par_1_4' title="bbox 346 2474 1620 2541">
     <span class='ocr_line' id='line_1_32' title="bbox 346 2474 1620 2541; baseline 0.002 -20"><span class='ocrx_word' id='word_1_229' title='bbox 346 2474 440 2536; x_wconf 81' lang='lat' dir='ltr'><strong>nis,</strong></span> <span class='ocrx_word' id='word_1_230' title='bbox 476 2492 610 2540; x_wconf 85' lang='lat' dir='ltr'><strong>quam</strong></span> <span class='ocrx_word' id='word_1_231' title='bbox 639 2492 725 2541; x_wconf 85' lang='lat' dir='ltr'><strong>pro</strong></span> <span class='ocrx_word' id='word_1_232' title='bbox 753 2493 944 2525; x_wconf 88' lang='lat' dir='ltr'><strong>numero</strong></span> <span class='ocrx_word' id='word_1_233' title='bbox 963 2512 976 2536; x_wconf 83' lang='lat'>‚</span> <span class='ocrx_word' id='word_1_234' title='bbox 1008 2475 1174 2541; x_wconf 55' lang='lat' dir='ltr'><strong>jasium</strong></span> <span class='ocrx_word' id='word_1_235' title='bbox 1202 2475 1320 2525; x_wconf 81' lang='lat' dir='ltr'><strong>fuit:</strong></span> <span class='ocrx_word' id='word_1_236' title='bbox 1349 2475 1453 2539; x_wconf 86' lang='lat' dir='ltr'><strong>quia</strong></span> <span class='ocrx_word' id='word_1_237' title='bbox 1478 2491 1620 2540; x_wconf 83' lang='lat' dir='ltr'><strong>eque·-</strong></span> 
     </span>
    </p>
   </div>
  </div>
 </body>
</html>
