1701 3008
220 185 303 233 1N
350 178 882 231 LOC.L1]3.X1x
919 178 1069 228 L1v.
1236 193 1326 244 275

42 290 119 334 alia
136 293 249 333 turba
264 324 274 342 ,
300 306 383 344 quae
405 290 556 331 facibus
580 288 762 341 taedisque
778 295 924 329 armata
937 319 948 337 ,
965 300 1034 338 per
1054 286 1223 338 pericula
1237 318 1248 336 ,
1265 298 1335 338 per:

42 356 166 396 oaedes
183 355 266 395 suas
283 354 500 405 alienasque
516 354 564 394 ad
579 352 825 392 incendenda
842 363 958 403 opera
974 350 1132 390 ruebat:
1153 349 1336 401 propius-

43 434 118 472 que
150 422 296 462 factum
326 420 378 459 est
400 419 526 468 nihil,
555 431 670 469 quam
698 428 740 455 ut
773 414 998 466 pervicaciae
1031 413 1195 453 hostium
1222 413 1336 453 miles

45 485 243 525 Romanus
260 485 437 532 cederet,
458 482 724 532 machinaeque
749 478 904 519 defendi
920 479 1138 530 nequirent.
1168 479 1244 518 Sed
1268 477 1337 518 Hi.

45 547 162 587 mileo
187 547 328 587 multos
354 546 509 586 suorum
529 544 762 584 occumbere
789 554 970 589 cernens,
991 541 1185 581 Romanos
1206 550 1341 580 autem

46 611 96 650 de
128 612 263 651 ardore
292 607 562 661 propugnandi
595 605 695 645 nihil
727 604 948 652 remittere,
981 601 1129 653 figmlm
1161 602 1340 653 receptui

49 673 177 722 dedit,
204 684 409 724 pugnaque
437 671 542 722 prior
563 665 734 707 exceffit.
764 678 889 715 neque
912 664 1079 704 Romani
1101 663 1338 712 institerunt,

48 735 222 790 contenti
251 733 402 773 lervatis
427 730 634 783 operibus,
660 741 742 779 quae
774 727 1060 779 propemodum
1091 739 1160 782 prp
1199 725 1340 766 amiffis

47 799 128 848 jam
160 796 384 836 habuerant.

107 861 160 901 X.
195 859 374 900 Proxima
402 859 516 898 noc‘te
543 851 764 903 Hannibal,
795 851 895 893 clam
918 852 1111 902 hostibus,
1137 853 1229 892 dum
1258 853 1342 894 feffi

51 937 99 965 ex
122 922 258 975 proelio
283 924 364 972 eJ'us
391 921 539 960 abitum
572 917 770 958 observare
800 916 1022 968 negligunt,
1049 916 1209 956 navibus
1226 947 1237 965 ,
1259 918 1343 967 qui.

51 986 214 1028 buscum
241 992 422 1030 venerat,
457 982 681 1032 Drepanum
717 979 766 1018 ad
799 977 1061 1021 Adherbalem
1094 980 1224 1018 vectus
1259 978 1344 1020 est:

52 1047 231 1088 abductis
253 1059 331 1086 una
353 1044 569 1095 equitibus,
597 1051 694 1094 quos
720 1040 759 1079 in
786 1039 880 1079 locis
903 1040 1099 1091 impeditis
1121 1041 1170 1081 ad
1193 1040 1346 1082 nullam

53 1124 135 1150 rem
161 1108 314 1149 obseffis
337 1107 470 1156 utiles,
491 1106 585 1146 alibi
609 1105 753 1145 bonam
780 1118 937 1156 operam
958 1119 1095 1145 navare
1117 1105 1220 1157 posse
1243 1107 1346 1146 recte

54 1174 304 1224 judiccwerat.
338 1170 393 1211 Hi
416 1171 522 1208 enim
547 1181 569 1208 a
598 1167 778 1218 Drepano
808 1166 905 1218 saepe
929 1176 1196 1216 excurrentes,
1223 1167 1346 1208 intuta

54 1234 250 1274 faciebant
263 1232 422 1278 itinera,
442 1242 644 1280 rerumque
661 1227 948 1267 necessariarum
963 1227 1251 1268 subvectionem
1269 1228 1346 1268 dif-

55 1294 224 1342 ficilem,
251 1291 467 1344 multosque
494 1290 793 1343 pabulatorum,
818 1289 968 1341 longius
1000 1303 1020 1329 a
1046 1291 1172 1329 castris
1201 1304 1346 1342 vagan-

58 1359 172 1406 tium,
185 1354 453 1406 excipiebant,
472 1351 668 1402 sociosque
683 1351 946 1391 Romanorum
969 1350 1075 1389 omni
1099 1350 1266 1390 cladium
1283 1365 1349 1403 ge.

58 1432 150 1459 nere
175 1425 381 1463 vexantes,
399 1414 602 1454 consulum
628 1414 794 1453 rationes
820 1417 901 1452 non
923 1413 1171 1452 mediocriter
1193 1422 1350 1453 contur-

60 1482 215 1523 babant.
248 1481 382 1530 Neque
401 1477 494 1515 mari
516 1485 618 1515 tutas
645 1476 689 1514 iis
714 1487 772 1514 res
792 1474 986 1515 Adherbal
1012 1473 1084 1513 effe
1108 1475 1351 1525 patiebatur,

61 1544 124 1596 qui
142 1543 260 1583 modo
275 1539 414 1582 Siculis
431 1539 550 1578 modo
563 1538 706 1578 Italicis
722 1536 898 1576 litoribus
916 1536 1143 1587 improvisus
1158 1537 1348 1585 incidens,

61 1604 159 1645 nihil
181 1617 257 1656 quo
274 1614 413 1642 nocere
429 1601 613 1641 Romanis
630 1598 763 1650 posset,
779 1598 951 1638 inausum
971 1599 1281 1650 intentatumque
1295 1612 1352 1639 re«

62 1657 272 1716 linquebat.
295 1664 351 1704 Ita
371 1661 517 1702 factum
532 1692 542 1710 ,
564 1669 606 1700 ut
629 1673 767 1713 magna
787 1661 827 1699 in
843 1660 970 1699 eastris
991 1669 1079 1700 nata
1097 1660 1228 1711 inopia
1248 1665 1353 1711 (nec

62 1730 166 1769 enim
193 1735 325 1779 praeter
350 1737 480 1764 carnes
503 1723 698 1775 pecudum
727 1722 937 1774 quidnuam
970 1721 1091 1761 ferme
1119 1722 1197 1761 cibi
1224 1721 1351 1773 supe-n

63 1793 170 1841 erat)
202 1803 339 1840 magna
372 1801 456 1839 pars
485 1787 616 1836 fame,
645 1785 773 1837 plures
811 1786 927 1825 etiam
961 1784 1133 1836 morbis,
1163 1794 1209 1824 ut
1232 1785 1352 1836 solet,

66 1856 212 1901 obortis
240 1860 487 1892 morerentur.

123 1922 133 1959 j
169 1918 191 1958 1.
220 1915 336 1956 Hunc
361 1915 410 1954 ad
430 1912 592 1954 modum
621 1923 710 1953 curn
736 1909 885 1962 aliquot
907 1909 1113 1950 hominum
1143 1910 1267 1950 millia
1290 1911 1356 1951 de.

68 1976 191 2020 sure?
212 1971 231 2018 ’ζ
258 1976 400 2026 errent,
423 1975 583 2015 alterum
612 1988 658 2014 ex
684 1973 902 2014 consulibus
929 1973 978 2012 ad
1004 1974 1161 2013 comitia
1189 1973 1356 2013 Romam

71 2044 290 2087 discedere,
321 2038 476 2089 suasque
502 2037 672 2090 legiones
701 2037 902 2088 deportare
937 2035 1106 2087 placuit,
1134 2049 1210 2086 quo
1236 2047 1357 2075 rema-

6 2117 11 2120 ·
70 2105 252 2146 nentilttzs
274 2104 308 2143 in
327 2102 524 2142 obsidione
545 2099 760 2151 expeditior
779 2111 940 2138 annona:
962 2098 1060 2137 ratio
1077 2097 1187 2136 foret.
1211 2097 1362 2138 Iterum

74 2168 222 2212 deicae
249 2167 379 2218 ..ffi‘ffri
409 2172 549 2203 conatu
578 2170 676 2202 terra
702 2160 971 2212 lapidibusque
1000 2159 1181 2211 aggestiS,
1205 2162 1358 2200 aditum

71 2237 205 2281 portus
221 2232 272 2280 fc,
304 2243 325 2252 ·‘
356 2224 511 2277 aggrcssi
534 2222 643 2271 sunt,
658 2220 795 2263 validis
815 2219 985 2261 trabibus
1010 2221 1231 2261 decussatim
1249 2233 1355 2262 com.

73 2291 194 2341 pastis
216 2305 305 2342 agg.-
357 2302 392 2328 .n
413 2286 742 2334 communientes,
770 2298 852 2336 quae
880 2285 1011 2324 ferreis
1037 2285 1187 2324 ancoris
1213 2285 1359 2324 revinc-

75 2362 124 2393 tae
139 2384 149 2400 ‚
163 2355 281 2392 torius
299 2351 423 2403 operis
439 2363 667 2401 compagem
691 2348 857 2390 firmiore
880 2361 980 2387 nexu
998 2348 1250 2387 continerent.
1280 2347 1359 2388 Sed

77 2428 234 2468 propter
258 2416 370 2454 maris
399 2413 666 2460 altitudinem,
691 2410 741 2452 ob
771 2425 885 2463 quam
913 2412 1011 2451 inter
1043 2411 1358 2452 descendendum

124 2523 145 2566 5
178 2521 235 2555 lX.
258 2521 402 2555 Diodor.
429 2520 549 2566 Polyb.
578 2533 592 2556 ι
611 2546 621 2563 ,
643 2532 700 2565 45,
722 2522 744 2567 §
765 2519 809 2556 Χ.
838 2520 981 2553 Diodor.
1000 2518 1126 2553 Zonar.

1014 2577 1041 2619 δ
1073 2589 1100 2618 2
