1701 3008
318 214 1190 267 HisToRIARUML1ss.x.·
1372 237 1396 284 3

111 322 314 389 equitum
343 324 600 388 profectus,
626 323 777 387 primo
808 325 1042 389 congreffu
1068 328 1240 391 AEquos
1271 327 1401 377 sube-

111 399 210 464 git3
241 416 319 459 ac,
340 399 411 446 die
439 400 606 448 octavo
639 399 920 462 triumphans
956 401 1000 448 in
1029 402 1184 450 urbem
1208 421 1310 452 cum
1330 422 1403 453 re-

112 471 269 532 diffet,
308 473 448 520 aedem
474 472 634 520 Salutis
653 509 667 532 ,
695 489 828 537 quam
864 475 1021 522 consul
1048 491 1271 539 voverat,
1292 497 1404 534 cen-2

112 545 187 594 sor
218 547 483 605 locaverat,
512 546 701 594 dictator
734 548 976 596 dedicavit.
1009 585 1013 588 -

178 622 231 667 11.
266 620 439 666 Eodem
472 637 595 667 anno
631 619 774 667 claffis
803 622 1071 670 Graecorum
1093 660 1106 680 ‚
1138 626 1403 691 Cleonymo

113 694 228 742 duce
251 695 628 752 Lacedaemon-io,
649 695 705 741 ad
724 695 861 742 Italiae
883 696 1016 744 litora
1043 700 1222 762 appulsa
1237 736 1250 756 ,
1270 703 1407 749 Thu-

111 767 199 815 rias
221 767 377 814 urbem
409 767 456 815 in
475 768 731 816 Sallentinis
759 769 891 832 cepit.
929 772 1156 819 Adversus
1177 774 1299 822 hunc
1321 776 1405 823 ho·-

110 841 222 889 stem
261 842 422 890 consul
448 842 653 890 AEmilius
684 842 844 897 missus
870 845 1039 907 proelio
1068 863 1165 894 uno
1201 846 1405 912 fugatum

112 916 338 980 compulit
361 916 408 963 in
428 934 581 965 naves.
621 916 812 964 Thuriae
841 918 1023 966 redditae
1045 920 1190 968 veteri
1211 922 1407 970 cultoris

112 990 456 1056 Sallentinoque
486 1007 596 1056 agro
630 1007 718 1054 pax
752 1004 891 1054 parta.
941 994 1119 1041 Junium
1154 996 1406 1045 Bubulcum

114 1065 380 1112 dictatorem
399 1064 573 1112 miffum
596 1063 640 1110 in
659 1063 950 1123 Sallentinos,
971 1066 1018 1112 in
1040 1067 1300 1131 quibusdam
1321 1089 1406 1118 an-

113 1138 289 1187 nalibus
313 1138 526 1186 invenio:
551 1140 602 1187 &
631 1138 940 1205 Cleonymum
962 1141 1108 1202 prius,
1130 1160 1265 1206 quam
1287 1157 1408 1194 cond

108 1211 360 1277 fligendum
380 1210 484 1258 esset
503 1228 608 1259 cum
627 1211 869 1270 Romanis,
893 1212 1014 1260 Italia
1045 1215 1278 1264 exceffiffe.
1315 1218 1403 1266 cir-

113 1284 377 1332 cumvectus
409 1284 512 1331 inde
542 1285 765 1332 Brundisii
799 1289 1196 1349 promontorium,
1225 1293 1404 1340 medio-

111 1373 204 1422 que
244 1356 339 1403 finu
368 1356 627 1405 Hadriatico
663 1357 812 1405 ventis
847 1358 961 1406 latus
981 1395 994 1419 ,
1028 1377 1128 1407 cum
1168 1362 1284 1411 laeva
1315 1364 1402 1413 im-

111 1428 328 1493 portuosa
356 1429 496 1476 ltaliae
523 1429 658 1476 litora
673 1466 686 1488 ,
707 1430 862 1478 dextra
887 1432 1033 1497 Illyrii
1055 1434 1328 1501 Liburnique
1350 1440 1403 1487 ὃ(

113 1502 240 1562 Istri,
273 1514 424 1566 gentes
458 1502 562 1550 ferae
582 1539 596 1562 ,
630 1505 679 1551 &
712 1521 873 1568 magna
907 1522 963 1552 ex
995 1520 1116 1570 parte
1150 1509 1402 1558 latrocini-is

113 1576 348 1624 maritimis
372 1575 585 1640 infames,
606 1588 852 1637 terrerent,
874 1580 1049 1641 penitus
1072 1582 1126 1628 ad
1155 1582 1287 1631 litora
1309 1587 1400 1632 Ve-

111 1665 328 1699 netorum
356 1652 579 1715 pervenit.
626 1651 689 1699 ibi
726 1653 941 1716 expositis
976 1656 1159 1718 paucis,
1188 1657 1265 1721 qui
1296 1659 1401 1706 loca

112 1724 405 1788 explorarent
422 1762 438 1783 ,
466 1742 571 1772 cum
598 1724 809 1785 audisset,
835 1737 968 1773 tenue
998 1740 1263 1791 praetentum
1295 1730 1401 1777 litus

110 1798 229 1858 effe,
261 1799 387 1861 quod
420 1798 686 1862 transgressis
718 1797 866 1862 stagna
899 1800 954 1846 ab
988 1812 1116 1865 tergo
1147 1801 1231 1848 fint
1250 1838 1263 1861 ,
1293 1803 1403 1851 irri-'

111 1889 198 1936 gua
227 1872 402 1920 aestibus
437 1871 700 1927 maritimis;
741 1888 874 1935 agros
903 1871 1019 1918 haud
1047 1872 1206 1934 procul
1237 1875 1399 1936 proxi-

111 1960 214 1992 mos
246 1943 508 2006 campestres
539 1943 687 2000 cerni;
722 1942 940 1990 ulteriora
974 1942 1144 1999 colles;
1175 1943 1278 1991 inde
1313 1945 1400 1993 effe

111 2016 276 2063 ostium
312 2016 508 2065 fluminis
542 2017 748 2082 praealti‚
777 2033 870 2081 quo
905 2017 1145 2081 circumagi
1175 2035 1314 2066 naves
1350 2019 1400 2066 in

110 2091 349 2139 stationem
370 2103 510 2139 tutam
543 2092 728 2141 vidiffe:
754 2092 1031 2156 (Meduacus
1064 2091 1205 2138 amnis
1238 2097 1401 2155 erat:)

110 2183 170 2213 eo
197 2166 422 2213 invectam
456 2166 630 2214 claffem
663 2165 806 2212 subire
834 2165 1020 2212 flumine
1050 2165 1240 2212 adverso
1268 2166 1404 2227 juffit.'

111 2237 404 2287 Graviffimas
436 2238 624 2284 navium
656 2254 752 2284 non
783 2239 969 2300 pertulit
1004 2238 1159 2285 alveus
1187 2238 1401 2290 fluminis.

109 2309 158 2357 in
194 2309 372 2357 leviora
403 2311 582 2375 navigia
617 2310 872 2374 transgressa
915 2311 1155 2361 multitudo
1193 2326 1396 2360 armato-

110 2399 212 2429 rum
241 2383 297 2429 ad
325 2381 580 2447 frequentes
607 2401 738 2448 agros
756 2421 769 2443 ‚
800 2384 940 2431 tribus
970 2386 1201 2433 maritimis
1223 2388 1403 2436 Patavi⁴

111 2471 278 2500 norum
309 2455 424 2503 vicis
462 2456 717 2503 colentibus
748 2474 844 2503 eam
883 2474 1041 2514 oram,
1070 2460 1291 2522 pervenit.
1330 2459 1399 2507 lbi

111 2527 422 2597 egreffi,·levi
450 2529 660 2594 praefidio
697 2531 892 2581 navibus
928 2532 1117 2591 relicto,
1152 2533 1285 2582 vicos
1320 2543 1400 2578 ex-⁴

1052 2607 1089 2650 A
1114 2622 1135 2650 2
