1701 3008
307 180 399 226 206
465 171 1496 234 JO.FRE1NSHEMIISUPPLEM;

307 288 388 326 dies
424 288 491 326 Cn.
519 284 633 325 Atilio
663 283 836 322 Calatino
864 280 1054 334 populum
1078 290 1259 334 rogante,
1284 284 1451 334 populus
1474 282 1592 334 jussit.⁴
1626 332 1631 335 ξ

304 349 394 390 Hoc
418 348 543 386 foedus
574 347 612 383 in
637 358 757 383 annos
783 344 1005 394 quindecim
1033 347 1214 394 paetum,
1240 344 1589 396 deinceps'perpe-

303 422 373 452 tuo
402 411 554 450 mansit:
584 409 754 450 Hierone
783 409 1090 459 magnitudinem
1119 399 1332 453 Romanam
1355 410 1408 448 ita
1435 408 1588 448 colente

305 473 494 522 comiter⁷
522 470 653 522 hisque
678 470 841 510 viciffim
865 469 966 510 illius
999 471 1167 511 studium
1196 481 1273 511 tarn
1304 472 1469 523 benigne
1498 484 1587 522 pro-

301 540 460 590 lixeque
486 536 840 582 remunerantibus‚
865 545 909 574 ut
932 544 1088 574 neutros
1111 549 1244 575 eorum
1269 535 1462 575 societatis
1486 534 1588 575 insti-

302 613 397 641 tutae
427 600 644 651 poeniteret.
683 595 922 648 Syracusanae
944 596 1047 646 pacis
1071 595 1204 636 ‘audita
1230 596 1332 636 fama
1349 627 1359 645 ,
1390 591 1588 636 Hannibal

302 665 466 711 Poenus,
489 661 553 712 qui
577 660 787 700 Hieronem
809 657 1009 705 obsidione
1028 657 1252 698 liberaturus
1276 671 1365 698 cum
1388 657 1588 698 navalibus
1612 696 1616 701 ,

302 727 424 777 copiis
445 727 524 775 jam
544 721 787 774 Xiphoniam
812 720 1036 769 accesserat,
1057 722 1192 770 majori
1216 734 1333 772 quam
1354 728 1508 761 venerat
1529 719 1586 758 fe-

298 788 502 830 stinatione
524 784 685 825 recellit.
1124 831 1126 833 ‚

356 857 494 899 XLVI.
526 857 691 896 Romani
716 866 806 893 curn
824 856 904 904 Jam
929 855 1100 907 Hierone
1120 868 1273 906 quoque
1294 856 1397 896 socio
1421 858 1457 896 δέ
1477 868 1583 896 com-

297 928 478 968 militone
503 937 725 975 uterentur,
747 940 826 965 non
852 926 919 964 diu
946 925 1104 973 morati,
1123 922 1443 973 Carthaginiensis
1468 921 1582 961 ditio-

297 992 356 1030 nis
373 993 515 1042 oppida
532 991 731 1041 complura
756 989 997 1040 subegerunt.
1030 987 1079 1026 Et
1102 986 1149 1026 ab
1166 986 1368 1030 Adranone
1395 983 1550 1034 quidem
1566 1014 1579 1031 ,

297 1056 386 1095 vieo
404 1055 551 1093 munito
567 1086 578 1101 ,
596 1052 838 1103 Macellaque
854 1083 866 1101 ‚
888 1051 972 1102 post
996 1048 1207 1089 multorum
1237 1048 1383 1086 dierum
1407 1046 1581 1086 obsidio-

294 1126 388 1155 nem
416 1115 662 1156 discefferunt
693 1115 788 1154 irriti
811 1129 819 1154 :
859 1121 1031 1154 ceterum
1058 1111 1306 1162 Segestanos,
1334 1109 1461 1149 occiso
1484 1109 1579 1148 *Poe-

292 1192 433 1218 norum
458 1179 651 1229 praefidio,
669 1179 717 1227 ad
740 1177 777 1217 se
794 1178 893 1217 ultro
920 1175 1194 1223 desciscentes,
1220 1181 1454 1223 receperunt.
1484 1172 1580 1211 Prae-

293 1250 352 1280 ter
370 1241 465 1287 alia,
493 1241 733 1292 cognationis
760 1239 1034 1280 neceffitudine
1051 1237 1087 1276 se
1113 1236 1296 1276 Romanis
1321 1235 1500 1274 fratribus
1521 1235 1578 1274 sa-

291 1318 382 1343 vere
404 1304 656 1353 (litftitabant,
685 1304 870 1355 originem
896 1302 1002 1343 suam
1021 1305 1057 1342 ὃς
1081 1301 1147 1351 ipsi
1170 1301 1217 1339 ad
1232 1300 1392 1340 AEnearn
1408 1311 1453 1337 ex
1476 1298 1576 1338 Tro—

292 1371 385 1419 jano
405 1369 587 1408 incendio
603 1369 813 1418 profugum
834 1368 1051 1407 referentes.
1075 1367 1213 1416 Neque
1234 1362 1356 1404 multo
1375 1363 1457 1413 post
1470 1360 1576 1402 Alie-

291 1433 366 1471 naei
400 1432 584 1472 Romanis
619 1431 884 1479 accefferunt3
916 1431 964 1470 ad
994 1429 1170 1471 Hilarum
1200 1441 1317 1473 vero,
1351 1427 1575 1477 Tyrittum‚

295 1496 331 1533 ἅ
352 1494 557 1539 -ΑΓεεΙυῐη,
586 1495 621 1532 νί
652 1497 687 1533 &
717 1462 904 1533 machinis
938 1506 1036 1544 opus
1068 1493 1164 1539 fuit;
1196 1504 1319 1541 eoque
1351 1489 1512 1529 severius
1534 1488 1574 1526 in

288 1559 412 1596 vickos
437 1555 666 1595 consultum.
705 1558 794 1607 Quo
824 1566 966 1594 terrore
990 1554 1270 1606 Tyndaritani,
1295 1552 1494 1603 proximos
1533 1549 1570 1588 se

290 1619 477 1670 pericuIO,
500 1621 534 1658 Sc
556 1618 694 1657 auxilia
707 1617 822 1668 longe
845 1617 916 1657 effe
931 1625 1150 1664 cernentes,
1169 1628 1257 1655 cum
1275 1614 1339 1664 ipfi
1355 1625 1507 1664 quoque
1524 1613 1573 1651 de

292 1683 478 1722 tradenda
511 1683 693 1722 Romanis
722 1682 815 1721 urbe
849 1680 1135 1728 consultarent,
1172 1693 1191 1720 a
1227 1678 1353 1718 Poenis
1386 1675 1571 1727 prohibiti

288 1745 387 1786 sunt.
416 1759 504 1784 nam
524 1744 579 1784 illi
604 1757 651 1784 ex
678 1744 789 1783 rebus
810 1744 895 1794 ipsis
923 1745 1142 1792 conjectura
1167 1749 1277 1790 capta
1293 1770 1303 1788 ‚
1332 1739 1424 1790 quid
1445 1751 1574 1789 agere·

289 1815 376 1855 tur,
397 1808 581 1857 primores
602 1807 764 1847 civitatis
790 1806 963 1846 obfidum
990 1805 1078 1844 loco
1105 1803 1314 1855 Lilybaeum
1338 1810 1569 1841 avexerunt:

288 1871 402 1909 ctiam
433 1871 656 1919 fr,ument0
684 1870 799 1917 vino,
825 1877 1114 1918 ceterarumque
1150 1879 1276 1905 rerum
1304 1873 1490 1916 apparatu
1518 1863 1572 1903 as-

287 1942 455 1983 portato.

370 1994 528 2034 XIVII.
574 1994 643 2034 His
671 1993 906 2044 temporibus
938 1964 1093 2032 Otacilii
1121 1990 1236 2032 Craffi
1269 1989 1432 2031 consulis
1462 1987 1568 2028 utilis

288 2060 324 2096 <Sc
340 2069 437 2095 conv
442 2058 570 2095 eniens
594 2057 776 2096 Romanae
794 2054 1000 2104 disciplinae
1026 2054 1197 2093 severitas
1223 2054 1308 2093 fuit.
1339 2053 1402 2102 qui
1425 2051 1567 2090 milites

286 2117 335 2155 ab
359 2117 577 2157 Hannibale
600 2118 700 2168 turpi
725 2119 836 2168 pacto
861 2116 1137 2155 incolumitatis
1163 2115 1230 2154 sub
1251 2117 1387 2165 jugum
1407 2112 1562 2161 missos,

286 2189 392 2218 extra
416 2180 558 2219 vallum
576 2180 730 2219 tendere
752 2179 877 2228 jussit,
900 2187 942 2217 ut
959 2178 1125 2217 hostium
1146 2175 1421 2216 incurlionibus
1447 2188 1566 2219 exno-

284 2240 361 2285 fiffi,
395 2253 516 2289 neque
544 2239 634 2278 alibi
663 2253 776 2291 quam
806 2240 842 2277 in
872 2239 1009 2279 virtute
1041 2238 1146 2288 spem
1176 2235 1386 2281 habentes,
1417 2234 1563 2272 confir-

283 2310 477 2354 marentur
505 2302 641 2339 animis
658 2333 669 2350 ‚
695 2299 881 2351 armisque
910 2300 1036 2351 potius
1063 2311 1177 2348 quarn
1203 2297 1290 2335 loco
1322 2295 1358 2334 se
1385 2295 1481 2335 tucri
1508 2294 1565 2334 di-

328 2426 349 2460 (3
383 2426 488 2458 XLV.
516 2426 637 2458 Zorm.
661 2426 778 2458 I‘olvb.
808 2438 836 2466 1,
864 2429 913 2460 16.
939 2426 1040 2457 Diod.
1062 2425 1130 2457 Eci.
1153 2426 1175 2457 l.
1202 2437 1254 2465 24.
1281 2425 1421 2459 Casaub.
1443 2427 1477 2458 in
1497 2425 1563 2456 Po-

284 2471 353 2514 lyb.
389 2471 509 2506 Tabul.
539 2470 680 2505 Maisan.
714 2470 816 2504 Diod.
853 2471 873 2514 §
911 2468 1035 2507 XLVI.
1068 2469 1169 2503 Diod.
1195 2470 1318 2504 Zonar.
1350 2471 1433 2516 Cic..
1463 2471 1561 2506 Verr-

282 2526 322 2557 4,
347 2525 400 2562 33·
