1701 3008
224 212 303 261 1N
351 212 515 261 Loc,
560 213 698 263 ΜΒ.
742 214 916 262 xvir
950 203 1109 263 ‘mvn
1245 232 1338 281 ιη

108 320 204 364 XX.
234 321 396 363 Facilius
415 322 522 362 alteri
546 321 693 374 consuli
714 321 858 361 bellum
876 334 965 361 cum
983 322 1112 362 Sardis
1133 324 1168 362 ἂ
1189 322 1345 364 Cartha.

54 383 288 435 >giniensibus
313 386 360 424 ad
383 384 541 424 Olbiam
566 384 649 424 fuit.
681 386 770 435 Quo
796 383 960 423 reversus
990 396 1079 423 cum
1110 386 1344 425 auftioribue

55 447 205 497 copiis,
236 447 468 487 Hannonem
497 447 665 496 invenit,
692 459 807 497 quem
835 445 1053 486 Hannibale
1081 456 1229 490 ‘remoto
1258 448 1367 493 Car„

54 507 309 557 thaginienses
330 509 442 548 rebus
461 509 660 548 maritimis
686 509 944 559 praefecerant.
975 509 1102 559 Pugna
1118 508 1344 550 vehementi

55 570 181 618 faeta,
202 572 341 611 Hanno
363 568 560 611 fortiffime
584 571 775 610 dimicans
792 601 803 619 ,
826 583 914 610 cum
940 571 1042 610 vinci
1067 572 1152 611 suos
1173 572 1344 620 videret,

55 632 98 671 in
130 633 427 673 consertiffimos
454 633 578 672 hostes
608 633 754 672 irruens
779 633 1003 673 interfectus
1033 635 1110 684 est,
1140 635 1347 686 secutaque

57 694 192 745 oppidi
220 695 380 733 deditio.
414 693 559 733 Consul
579 693 747 732 victoriae
776 692 919 731 famam
952 695 1069 733 etiam
1097 695 1347 737 humanitatis

54 755 235 796 adversus
260 755 406 800 hostem
432 755 565 806 insigni
599 755 838 794 documento
862 755 1068 795 decoravit.
1106 758 1205 797 Nam
1237 772 1258 797 e
1281 767 1345 798 ta·-

59 817 266 858 bernaculo
300 817 367 858 suo
392 831 530 869 corpus
557 818 760 858 Hannonis
795 816 1033 856 efferendum
1069 821 1240 868 curavit,
1269 833 1349 860 am.

59 881 215 934 plasque
239 881 307 932 ipfi
330 881 421 920 fecit
446 880 666 931 exsequias,
690 879 918 921 cessantibus
938 881 1021 931 post
1043 891 1205 920 mortem
1223 882 1348 931 odiis,

30 945 240 985 ,virtutem
272 943 386 982 etiam
421 943 462 981 in
492 941 598 981 hoste
633 940 902 980 honorandam
931 941 1005 981 effe
1030 945 1132 982 reete
1157 944 1350 992 judicans.

60 1005 157 1046 Inde
179 1007 340 1044 recentis
367 1005 533 1045 vietoriae
555 1014 737 1044 terrorem
754 1004 969 1043 exolescere
990 1018 1067 1043 non
1089 1006 1234 1056 pallus,
1249 1007 1347 1046 mul-

60 1077 116 1108 tas
140 1070 174 1108 ἃ
190 1067 482 1108 alias-Sardiniae
503 1067 615 1107 urbes
639 1067 766 1119 cepit,
792 1066 949 1108 consilio
972 1067 1141 1119 doloque
1165 1069 1349 1111 virtutem

58 1131 257 1183 adjuvans.

115 1195 229 1236 XXI.
263 1194 421 1235 Solebat
448 1195 550 1234 enim
568 1196 685 1234 nonu
708 1193 864 1245 appulsa
888 1193 990 1233 litori
1019 1194 1151 1243 claffe,
1178 1195 1348 1235 delectos

57 1269 106 1296 ex
136 1255 361 1296 cohortibus
394 1256 499 1296 haud
530 1256 665 1307 procul
702 1255 882 1306 oppidis,
915 1269 996 1306 quae
1025 1256 1168 1295 adoriri
1199 1258 1346 1296 consti-

62 1330 209 1370 tuerat,
224 1333 444 1371 exponere:
470 1322 537 1371 qui
554 1320 685 1360 locum
708 1320 852 1359 insidiis
875 1329 1137 1370 opportunum
1154 1333 1351 1371 occupan-

60 1389 120 1421 tes
145 1380 440 1432 exspet‘tabant‚
466 1381 591 1420 donec
620 1380 668 1419 ad
700 1379 798 1430 ipsas
833 1379 945 1420 urbes
973 1380 1181 1431 suggreffus
1216 1376 1350 1421 consul

61 1445 279 1496 oppidanos
313 1444 353 1483 in
387 1457 490 1483 arma
521 1442 767 1494 compulsos,
796 1441 1034 1481 simulatione
1066 1443 1164 1493 fugae
1195 1443 1349 1494 longius

60 1520 84 1546 a
110 1505 302 1545 moenibus
327 1504 539 1545 elicuisset:
573 1513 657 1544 tum
681 1503 735 1544 illi
765 1503 1009 1542 advenientes
1044 1503 1178 1553 cursu,
1210 1516 1348 1544 vacuas

63 1565 328 1607 defensoribus
359 1566 469 1605 urbes
494 1559 709 1616 ‘capiebant
740 1578 785 1605 eo
817 1566 894 1605 astu
925 1565 1144 1617 complures
1174 1568 1212 1606 in
1238 1576 1350 1618 pote-

60 1630 195 1669 statem
220 1641 378 1669 venere:
407 1636 633 1679 tantumque
657 1628 848 1667 vincendo
870 1628 1082 1678 proceffum
1111 1629 1162 1667 est
1178 1660 1189 1676 ‚
1215 1637 1258 1667 ut
1284 1642 1349 1668 ne.

63 1705 137 1742 que
157 1692 197 1731 in
215 1691 363 1732 Corsica
379 1721 390 1739 ,
408 1682 530 1741 neque
556 1692 593 1729 in
617 1691 792 1730 Sardinia
820 1691 1022 1730 Poenorum
1045 1693 1231 1731 exercitus
1256 1705 1348 1732 con-

63 1753 185 1792 fistere
206 1751 364 1803 poffent.
405 1753 492 1802 Qua
510 1753 558 1791 de
583 1751 692 1791 causa
722 1752 880 1791 minime
911 1753 1130 1792 dubitatum
1154 1754 1228 1802 est,
1255 1754 1349 1805 quin

60 1816 229 1856 Romam
244 1815 387 1855 reverso
404 1814 620 1866 triumphus
641 1808 888 1866 ampliffimus
901 1816 1178 1856 decerneretur.
1192 1817 1348 1857 Trium·
1387 1862 1393 1865 ‚

61 1879 195 1930 phavit
216 1879 264 1918 de
290 1879 414 1918 Poenis
441 1880 477 1918 ἃ
502 1880 673 1919 Sardinia
704 1881 739 1919 Sc
764 1880 911 1919 Corsica
944 1890 1032 1919 ante
1059 1881 1160 1919 diem
1188 1881 1217 1919 V
1238 1881 1348 1920 -ldus

60 1941 248 1988 Martias,
275 1951 365 1978 cum
400 1952 578 1990 magnam
609 1953 656 1978 ex
685 1939 813 1979 insulis
844 1940 918 1979 istis
941 1941 1130 1990 praedam,
1156 1942 1191 1979 8:
1223 1941 1346 1981 multa
1404 1947 1408 1951 ’

62 2003 184 2044 millia
211 2003 446 2054 captivorum
475 2003 696 2043 adduxisset.
729 2005 776 2043 At
801 2005 840 2042 in
865 2003 995 2043 Sicilia
1021 2004 1062 2043 C.
1091 2002 1222 2042 Florus
1251 2004 1345 2043 Pro-

61 2064 219 2104 consule
245 2064 506 2106 Mutistratum
525 2064 746 2114 oblidebat,
768 2064 901 2104 locum
925 2065 1141 2112 munitum,
1172 2067 1207 2104 Sc
1227 2063 1347 2104 semel

62 2127 279 2176 iterumque
310 2126 442 2165 frustra
470 2135 669 2165 tentatum.

116 2190 250 2230 XXII.
287 2191 346 2230 Ne
378 2199 459 2228 tum
495 2190 650 2239 quidem
682 2189 784 2240 prius
809 2190 1019 2240 expugnari
1049 2189 1203 2240 potuit,
1231 2200 1348 2239 quam

63 2265 188 2291 novus
215 2251 345 2306 consul
371 2253 413 2292 A.
430 2251 566 2292 Atilius
594 2253 633 2292 A,
658 2252 697 2291 F.
715 2253 756 2291 C.
778 2252 828 2292 N.
866 2251 1060 2291 Calatinus
1076 2252 1229 2290 veniret.
1257 2251 1350 2290 huic

64 2315 169 2354 enim
200 2314 329 2354 Sicilia
351 2315 571 2365 provincia,
599 2315 756 2365 collegae
779 2317 861 2364 ejus
889 2315 930 2355 C.
957 2315 1126 2365 Sulpicio
1155 2316 1202 2364 Q.
1232 2314 1271 2354 F.
1296 2316 1350 2366 Q.

10 2380 13 2383 ”
64 2377 115 2418 N.
142 2377 338 2417 Paterculo
366 2377 487 2417 classis
518 2389 707 2418 evenerat.
745 2378 798 2427 Ii,
822 2379 926 2428 quod
953 2378 1126 2419 Panormi
1148 2376 1347 2427 Carthagi*

77 2500 80 2504 '
113 2502 134 2546 5
155 2501 229 2534 XX.
253 2501 328 2534 Val.
346 2501 440 2535 Max.
460 2513 496 2542 ς,
517 2514 528 2536 1
546 2529 553 2543 ,
574 2515 604 2536 2.
621 2503 723 2538 Silius
741 2506 764 2538 1.
788 2504 821 2537 6.
842 2504 958 2540 Front.
987 2515 1003 2548 3
1020 2531 1028 2546 ,
1048 2515 1081 2545 9.
1104 2504 1230 2550 5XX1.
1253 2505 1344 2538 fior.

66 2555 110 2587 2,
132 2557 162 2579 2.
189 2545 268 2580 Fasti
295 2545 443 2591 Capitol.
467 2547 607 2591 Eutrop.
635 2550 657 2581 1.
686 2560 716 2582 2.
741 2548 865 2583 Zonar.
967 2555 986 2571 ³

1009 2592 1091 2637 Ρ).
