1701 3008
188 209 272 257 IN
326 203 512 254 LOC.
556 203 696 250 L113.
742 196 912 248 XIX
965 196 1113 244 LIV.
1224 209 1322 258 ²77

28 318 119 360 turn
139 317 340 367 fidumque
373 312 533 353 navibus
557 311 628 350 iter
653 314 831 349 accurate
857 304 1135 345 observaverat.
1166 301 1320 352 quoties

29 381 136 421 enini
155 379 203 419 ab
227 378 305 419 alto
333 375 489 416 veniens
505 374 545 412 in
561 369 769 421 conspectu
792 367 934 407 habere
959 365 1097 405 urbem
1120 371 1290 422 coeperat
1305 391 1320 410 ,

28 442 84 482 ita
113 439 339 481 obvertebat
373 449 536 485 navem,
562 442 607 474 ut
647 431 786 484 puppis
822 429 972 471 Italiam
1011 427 1242 478 respiceret,
1270 435 1327 464 ex,

30 516 146 556 prora
167 503 277 542 turris
304 499 563 552 Lilybaetana,
580 509 664 547 quae
690 493 786 534 mari
820 489 1077 538 imminebat,
1102 489 1156 527 ita
1190 499 1325 526 cerne-

30 577 160 614 retur,
181 574 225 604 ut
247 563 423 604 omnium
439 562 609 602 Africam
633 557 762 599 versus
778 557 933 596 sitarum
956 553 1118 601 turrium
1140 550 1326 602 conspec-

31 637 118 669 tum
144 635 292 679 tegeret
313 639 323 665 ε
361 638 444 676 quae
467 636 544 662 una
571 620 754 660 tutiffima
780 618 833 658 est
859 618 920 657 via
945 615 1061 667 pleno
1091 613 1203 653 cursu
1234 625 1331 664 por-

30 699 116 731 tum
144 687 366 741 petentibus
389 685 528 725 nautis.
565 683 729 732 Jamque
754 679 881 731 plures
908 677 981 717 effe
1002 682 1228 728 coepe-rant,
1256 672 1334 725 qui

29 752 192 792 audacia
209 752 243 791 8.-
259 747 445 788 felicitate
468 743 701 786 Hannibalis
723 740 875 781 incitati
895 738 1109 790 Lilybaeum
1129 747 1323 776 com-mea-

32 822 146 853 rent:
178 813 304 852 donec
333 807 424 849 casu
457 807 639 859 quodam.
660 804 910 857 quadriremis
936 801 1143 842 celeritatis
1171 797 1325 840 eximiae

32 874 437 927 comprehenderetur.

85 938 194 979 XIV.
227 936 336 978 Licet
364 936 470 974 enim
496 931 578 972 aliis
604 930 779 984 partibus
804 928 927 970 moles
952 942 974 968 a
994 926 1181 969 Romanis
1203 926 1325 975 jastas

30 1002 137 1042 venti
167 1012 212 1039 ac
243 999 357 1039 undae
387 996 659 1049 raptaviffent3
695 1009 773 1034 uno
803 1002 934 1033 tamen
960 991 1074 1041 loco,
1097 991 1166 1032 ubi
1197 989 1335 1030 minus

31 1064 271 1118 profundum
301 1075 405 1102 mare
445 1061 595 1109 fuerat,
624 1059 891 1099 constiterunt.
938 1057 983 1097 Ei
1012 1055 1123 1096 dorso
1155 1055 1326 1105 impacta

31 1118 140 1168 navis
161 1139 251 1166 cum
265 1122 492 1171 obhaesiffet,
512 1130 624 1173 capta
640 1135 660 1161 a
675 1121 857 1161 Romanis
874 1150 885 1168 ,
900 1120 1130 1171 optimoque
1149 1116 1271 1157 milite
1286 1116 1325 1155 &

32 1189 195 1240 remigio
212 1187 388 1227 instructa
405 1217 415 1236 ,
437 1185 554 1224 etiam
581 1183 791 1226 Hannibali
811 1183 975 1222 exitium
996 1181 1136 1221 attulit.
1167 1179 1324 1230 Quippe

32 1251 278 1293 noem-forte
301 1248 484 1301 ingressus
508 1248 647 1288 urbem
663 1279 675 1297 ‚
707 1260 797 1286 cum
825 1247 864 1285 in
890 1245 1016 1285 reditu
1043 1242 1171 1294 palam
1198 1240 1327 1281 solvis-

33 1315 113 1362 set,
127 1314 490 1365 quadrirememque
512 1311 618 1350 istam
638 1310 688 1350 ad
704 1322 839 1349 ornnes
857 1307 931 1348 suae
954 1306 1061 1346 navis
1083 1314 1212 1344 motus
1227 1303 1326 1343 simi-

33 1377 121 1416 liter
147 1382 413 1415 occurrentem
441 1373 615 1422 videret,
634 1370 896 1412 animadverso
921 1370 1044 1410 statim
1069 1367 1240 1421 periculo
1267 1366 1328 1405 fu-

35 1452 149 1490 gere,
175 1441 210 1478 δι
237 1449 327 1476 cum
354 1437 431 1475 hoc
455 1435 591 1475 frustra
616 1434 732 1483 esset,
758 1446 971 1485 repugnare
997 1440 1157 1473 conatus
1173 1463 1184 1480 ,
1203 1431 1242 1469 in
1261 1442 1333 1468 va-

33 1501 216 1543 lidiorum
251 1499 479 1551 potestatem
502 1498 618 1538 venit.
655 1496 823 1538 Romani
845 1495 920 1536 hac
947 1509 1101 1547 quoque
1128 1506 1226 1534 nave
1250 1505 1330 1544 po·-

34 1563 126 1611 titi,
157 1562 318 1613 parique
347 1559 468 1600 modo
507 1560 555 1599 ad
586 1559 868 1599 observandum
900 1568 1033 1610 portus
1067 1558 1216 1598 aditum
1245 1555 1330 1604 uli,

34 1640 84 1668 ne
108 1639 190 1677 quae
217 1625 401 1674 deinceps
424 1636 539 1663 naves
560 1623 773 1674 Lilybaeum
796 1629 995 1674 penetrare
1020 1621 1195 1672 poffent,
1212 1617 1332 1658 facile.

35 1687 328 1741 prohibuerunt.
353 1686 486 1726 Acrior
505 1686 595 1725 inde
609 1686 663 1725 vis
679 1685 935 1725 obsidentium
955 1683 1028 1725 esse
1053 1684 1177 1734 coepit
1190 1697 1200 1724 :
1215 1682 1328 1722 ador-

35 1753 140 1802 tique
170 1750 409 1789 munimenta
443 1749 635 1796 Romani,
663 1761 745 1799 quae
774 1748 868 1787 inari
896 1747 1022 1787 vicina
1053 1753 1187 1794 erant,
1208 1756 1332 1784 omne

37 1812 281 1855 defensorum
295 1825 435 1863 agmen
453 1812 499 1851 ad
517 1811 659 1850 tuenda
675 1811 777 1861 loca,
793 1824 874 1862 quae
891 1809 1227 1861 oppugnabantur,
1244 1820 1333 1858 per-

34 1886 197 1916 traxere.
227 1875 290 1916 Sic
312 1876 372 1915 via
398 1876 499 1914 fadia
527 1874 679 1924 reliquis
701 1874 822 1925 copiis
837 1904 847 1922 ‚
874 1886 957 1924 quae
975 1885 1023 1911 ex
1051 1870 1196 1911 diversa
1218 1877 1333 1921 parte·

32 1937 228 1980 occasioni
254 1936 346 1976 huic
379 1937 678 1983 insidiabantur,
707 1946 750 1977 ut
776 1950 927 1976 murum
957 1935 1191 1975 exteriorem
1215 1945 1329 1983 cape-

36 2010 144 2041 rent:
163 2013 383 2052 quanquam
404 2000 443 2039 id
466 2000 597 2040 frustra
620 2000 707 2040 fuit.
733 2002 877 2051 quippe
900 2001 978 2038 dux
1000 2000 1137 2039 Poenus
1157 2011 1248 2037 curn
1264 1998 1333 2036 de-

37 2063 146 2104 lestis
182 2062 340 2102 suorum
374 2062 595 2112 tempestive
625 2075 827 2102 accurrens
844 2093 855 2111 ‚
885 2061 1007 2102 inulta
1035 2073 1124 2101 cum
1149 2060 1255 2100 caede
1274 2068 1331 2099 te-

37 2135 172 2167 nentes
201 2124 333 2164 locum
363 2123 568 2164 Romanos*
586 2126 730 2174 rejecit.

93 2188 178 2233 XV.
220 2186 305 2228 Alia
331 2187 471 2227 deinde
503 2190 625 2237 major
650 2189 804 2228 fortuna
828 2187 936 2240 spem
968 2186 1122 2227 obsessis
1144 2184 1328 2227 universae

37 2249 204 2299 victoriae
234 2248 353 2288 dedit.
400 2248 512 2289 Forte
536 2258 738 2289 ventorum
768 2250 902 2301 ingens
930 2250 984 2289 vis
1014 2258 1149 2289 exorta
1174 2248 1328 2296 fuerat,

39 2312 136 2353 adeo
161 2309 277 2350 veluti
300 2311 388 2350 data
417 2324 531 2361 opera
557 2312 824 2352 Romanorum
853 2312 1083 2353 incumbens
1111 2310 1298 2351 machinis
1314 2341 1326 2359 ‚

39 2382 83 2414 ut
115 2375 151 2413 &c
176 2372 304 2412 vineas
329 2381 530 2423 quateret,
557 2377 593 2415 δι
626 2375 721 2427 ipsas
749 2384 869 2416 turres
905 2376 944 2415 in
973 2374 1164 2427 capitibus
1197 2386 1345 2414 earum--

37 2436 195 2477 structas
229 2434 471 2477 convelleret.
519 2437 609 2478 Non
644 2436 782 2478 fefellit
809 2451 853 2478 ea
881 2452 938 2479 res
968 2438 1210 2490 oppidanos,
1238 2437 1332 2476 Διο-

88 2561 111 2605 5
139 2560 232 2596 XIV.
255 2560 365 2595 Diod.
388 2571 511 2602 2421·-

992 2609 1019 2655 S
1048 2622 1084 2668 ς
