1701 3008
329 191 394 242 70
681 176 1253 228 T1T1L1vl1

299 287 301 290 ⁴
332 297 423 333 tem
444 285 722 347 locupletare
744 287 920 346 praeda,
943 288 993 335 &
1016 287 1188 334 hostem
1218 303 1306 351 pro
1329 287 1416 336 aris
1437 306 1488 338 ac
1508 289 1629 340 focis

333 360 622 409 dimicantem
652 357 878 406 conficere
902 360 1088 422 possent.
1120 364 1271 424 ltaque
1288 398 1301 419 ‚
1329 362 1466 408 literis
1491 364 1626 410 miffis

334 435 391 480 ad
421 434 617 479 senatum
652 433 964 496 populumque
985 434 1244 481 Romanum
1278 435 1332 482 de
1356 435 1484 481 rebus
1511 436 1564 484 ab
1586 436 1632 483 se

333 504 493 569 gestis,
525 505 709 561 diversi,
738 505 937 567 Papirius
967 507 1021 573 agl
1048 506 1304 568 Saepinum‚
1322 506 1550 557 Carvilius
1574 507 1631 557 ad
1692 524 1695 568 ς

334 578 563 624 Volanam
593 578 941 639 oppugnandam
965 578 1166 641 legiones
1188 579 1374 626 ducunt.

406 653 551 697 XLV.
574 650 732 697 Literae
764 649 998 699 consulum
1023 650 1194 713 ingenti
1224 650 1380 698 laetitia
1408 654 1457 699 &
1484 652 1530 698 in
1553 670 1632 700 cu·
1696 678 1698 718 l

339 723 406 770 ria
435 724 485 769 &
519 723 564 768 in
596 723 822 770 concione
854 722 1040 777 auditae;
1069 724 1119 770 &
1148 722 1378 787 quatridui
1408 724 1633 786 supplica-

342 797 469 843 tione
491 795 719 857 publicum
745 794 951 858 gaudium
975 794 1164 857 privatis
1185 794 1335 841 studiis
1359 796 1634 846 celebratum

342 868 419 916 est.
454 884 536 913 nec
562 868 736 929 populo
759 868 973 913 Romano
1003 883 1162 929 magna
1185 866 1328 912 solum
1345 904 1360 924 ‚
1378 867 1451 913 sed
1468 885 1633 930 perop-
1695 859 1701 911 ¹1

343 954 542 1005 portuna
566 940 696 986 etiam
712 976 726 995 ‚
748 958 798 986 ea
818 941 1009 986 viE'toria
1028 939 1140 994 fuit;
1159 940 1263 1002 quia
1281 957 1360 1001 per
1377 941 1492 986 idem
1514 940 1634 994 forte

344 1029 521 1075 tempus
543 1013 768 1059 rebellasse
798 1011 1010 1062 Etruscos
1040 1011 1219 1058 allatum
1246 1011 1322 1058 est.
1345 1012 1530 1058 Subibat
1551 1029 1636 1059 co·-

347 1087 504 1151 gitatio
534 1086 729 1132 animum
748 1121 764 1143 ,
793 1103 991 1149 quonam
1014 1085 1170 1133 modo
1203 1085 1447 1133 tolerabilis
1483 1085 1634 1134 futura
1700 1086 1701 1113 l

347 1162 523 1212 Etruria
555 1160 697 1223 fuisset
715 1196 728 1216 ‚
751 1159 781 1206 fi
806 1160 913 1223 quid
944 1160 989 1205 in
1021 1159 1203 1206 Samnio
1224 1158 1393 1207 adversi
1414 1158 1632 1216 veniffet3

346 1252 448 1298 quae
465 1271 478 1291 ‚
499 1233 812 1293 conjuratione
831 1233 1095 1280 Samnitium
1112 1234 1254 1279 ετθξὶει
1269 1269 1283 1291 ,
1303 1232 1519 1296 quoniam
1541 1251 1636 1280 am-

345 1297 409 1356 bo
441 1307 645 1355 consules
677 1306 911 1370 omnisque
938 1308 1144 1353 Romana
1175 1307 1245 1353 vis
1267 1306 1418 1354 aversa
1443 1307 1489 1354 in
1513 1309 1634 1354 Sam-

347 1383 474 1429 nium
503 1382 630 1438 esset‚
657 1381 1008 1441 occupationem
1041 1380 1200 1443 populi
1222 1381 1419 1428 Romani
1445 1397 1529 1443 pro
1550 1398 1637 1429 ος-Ι

348 1455 528 1503 cafione
555 1453 796 1500 rebellandi
820 1453 1050 1500 habuisset.
1084 1452 1353 1515 Legationes
1377 1452 1602 1499 sociorum
1619 1488 1637 1510 ,

349 1544 374 1573 a
399 1528 448 1572 M
483 1526 623 1572 Atilio
650 1540 843 1588 praetore
863 1527 907 1572 in
937 1526 1136 1590 senatum
1158 1526 1425 1573 introduCtae
1441 1561 1454 1583 ,
1473 1543 1637 1588 quere-

349 1599 541 1655 bantur,
575 1599 643 1645 uri
679 1601 728 1646 &
758 1600 918 1646 vastari
952 1616 1085 1663 agros
1120 1617 1143 1646 a
1175 1598 1377 1645 finitimis
1409 1598 1635 1656 Etruscis,

351 1669 479 1733 quod
511 1668 748 1716 desciscere
771 1687 794 1717 a
816 1671 989 1733 populo
1013 1670 1434 1718 Romano'nollent
1456 1687 1467 1716 :
1501 1670 1638 1716 obte-

350 1742 664 1804 stabanturque
697 1742 846 1787 Patres
877 1741 1159 1804 conscriptos
1177 1776 1199 1799 ,1
1222 1753 1273 1787 ut
1302 1741 1344 1788 se
1373 1758 1397 1788 a
1424 1740 1472 1789 vi
1500 1754 1636 1805 atque

350 1815 511 1876 injuria
548 1814 860 1861 communium
898 1814 1091 1861 hostium
1124 1826 1388 1861 tutarentur.
1426 1813 1636 1876 Respon-

352 1887 447 1934 sum
476 1888 624 1950 legatis
641 1924 654 1943 ‚
676 1907 775 1935 curae
785 1890 958 1950 senatui
968 1889 1187 1948 futurum,
1206 1909 1255 1935 ηε
1269 1891 1411 1950 sbcz'os
1426 1891 1637 1950 fideificae

345 1964 591 2023 paeniteret:
627 1962 894 2023 Etruscorum
924 1965 1162 2023 propediem
1195 1965 1362 2009 eandem
1380 1961 1637 2020 fortunam,

353 2053 476 2096 quam
500 2038 754 2080 Samnitium
772 2071 784 2093 ,
800 2035 908 2094 sore.
938 2034 1123 2099 Segnius
1152 2048 1300 2082 tamen
1318 2070 1332 2093 ‚
1353 2034 1479 2097 quod
1499 2035 1553 2080 ad
1577 2037 1634 2082 E-

352 2106 538 2152 truriam
574 2108 788 2154 attinebat
805 2144 818 2164 ,
842 2108 934 2155 adia
965 2125 1033 2155 res
1062 2108 1165 2155 effet
1182 2144 1196 2166 ‚
1219 2108 1267 2155 ni
1298 2105 1488 2153 Faliscos
1514 2123 1637 2169 quo-

355 2195 468 2242 qpe,
496 2180 573 2240 qui
598 2197 674 2242 per
698 2180 864 2226 multos
889 2197 1032 2227 annos
1056 2181 1101 2226 in
1128 2179 1321 2226 amicitia
1346 2178 1521 2226 fuerant
1537 2215 1549 2237 ‚
1568 2181 1634 2226 al-

352 2252 492 2298 latum
514 2253 630 2299 foret
645 2290 658 2310 ,
681 2272 798 2301 arma
820 2254 1011 2303 Etruscis
1041 2253 1246 2315 junxiss'e.
1278 2250 1421 2313 Hujus
1443 2252 1634 2315 propin·

354 2325 499 2387 quitas
523 2327 684 2388 populi
709 2328 827 2373 acuit
859 2344 1009 2374 curam
1028 2325 1225 2372 Patribus
1239 2361 1252 2382 ‚
1271 2338 1321 2370 ut
1339 2324 1513 2371 feciales
1531 2324 1633 2370 mit-

355 2400 516 2446 tendos
549 2401 603 2445 ad
637 2416 705 2447 res
740 2401 999 2462 repetendas
1035 2398 1274 2445 censerent.
1334 2398 1496 2461 quibus
1535 2412 1647 2443 nott*

356 2472 573 2534 redditis,
608 2490 664 2521 ex
696 2472 955 2522 auctoritate
989 2474 1172 2520 Patrum
1204 2469 1320 2534 juffu
1347 2469 1509 2535 populi
1536 2469 1633 2523 bele,
