1701 3008
243 165 328 215 IN
362 162 524 216 LOC.
568 168 706 214 LIB.
751 167 971 220 XVIII
1011 168 1155 216 LIV.
1274 184 1363 233 253

85 272 250 323 derunt,
278 275 566 326 dirueruntque.
600 274 710 314 multi
735 275 797 314 hic
821 275 1000 316 mortales
1030 276 1220 317 interfeeti
1248 278 1369 329 capti-

85 351 156 378 ve:
177 340 314 386 ceteri,
339 340 476 390 quibus
501 353 567 389 per
592 340 868 379 mediterranea
894 339 978 379 loca
1004 341 1041 379 in
1059 341 1246 380 ditionem
1263 343 1371 392 Syra-

81 400 309 439 cusanorum
330 400 514 451 effugium
535 402 609 440 fuit
623 432 634 449 ‚
652 402 690 439 in
708 402 790 440 vico
811 403 918 450 juxta
934 402 1068 441 fanum
1084 403 1189 450 Jovis
1204 433 1216 450 ,
1234 403 1374 455 Olym-

80 463 188 513 pium
218 471 359 502 vocant
378 494 387 511 ‚
415 463 633 502 consedere.
683 464 820 513 Neque
850 463 966 515 longe
993 464 1151 504 aberant
1179 478 1200 504 a
1226 464 1291 516 spe
1315 474 1372 505 to-

80 528 157 565 tius
188 525 318 566 insulae
346 526 619 577 recuperandae
650 527 856 565 l‘oenorum
881 527 997 565 duces
1016 558 1026 575 ,
1055 527 1118 565 nili
1143 527 1274 566 audito
1297 527 1372 567 Ro-

72 600 283 627 manorum
306 589 343 627 in
360 589 568 639 reparanda
592 587 702 627 classe
728 589 852 628 studio
873 619 884 636 ,
904 589 1117 628 confirmati
1145 589 1239 629 socii
1264 590 1373 629 forti-

83 650 155 690 bus
188 653 324 690 animis
351 651 571 701 praesentem
604 659 749 689 metum
774 651 1002 690 toleraffent.
1033 653 1160 692 Tanta
1187 653 1292 693 enim
1317 655 1373 693 di-

82 712 240 764 ligentia
268 712 345 751 huc
373 713 625 752 incubuerant
664 712 861 761 consules,
893 720 936 751 ut
969 714 1033 752 vix
1065 714 1240 753 credibili
1273 715 1373 754 cele-

83 777 220 823 ritate,
254 776 350 814 intra
393 787 509 813 unum
546 775 728 813 trimestre
766 788 879 814 naves
915 789 1022 814 novae
1052 787 1208 815 centum
1236 778 1373 828 viginti

83 839 433 888 compingerentur.
480 838 578 877 Cum
610 837 668 876 his
696 838 764 878 Cn.
789 837 987 878 Cornelius
1018 839 1059 878 L.
1081 838 1122 878 F.
1146 840 1187 878 C.
1216 841 1264 879 N.
1292 841 1375 881 Sci-

83 903 148 953 pio
166 902 297 949 Anna,
314 905 350 941 ὀὶ
368 903 408 941 Α.
426 900 560 940 Atilius
587 902 627 941 A.
645 900 687 940 F.
714 901 755 941 C.
777 902 823 941 N.
849 899 1044 940 Calatinus
1068 901 1208 939 iterum
1236 902 1371 942 consu-

83 962 160 1010 les,
189 962 376 1013 impolitis
409 975 454 1000 cx
489 975 590 1001 novo
626 960 776 1001 delectu
812 961 968 1001 strenuis
1006 960 1220 1011 militibus,
1243 963 1370 1013 primo

84 1036 238 1074 quoque
259 1033 433 1074 tempore
457 1022 600 1062 solvere
626 1022 771 1079 jum*

140 1085 338 1125 XXXIX.
381 1084 571 1135 Magniim
610 1084 859 1124 inconstantis
890 1083 1052 1124 fortunae
1090 1085 1373 1127 documentum

87 1148 160 1189 Cn.
185 1148 247 1186 3ste
271 1147 469 1187 Cornelius
488 1148 587 1187 fuit:
611 1147 699 1187 utili
722 1148 771 1187 ad
797 1147 947 1186 fortiter
970 1147 1187 1187 tolerandas
1212 1149 1374 1189 adversi-

85 1217 182 1248 tates
204 1209 398 1260 exemplo.
432 1210 574 1259 quippe
602 1220 692 1247 cum
724 1208 885 1258 septimo
913 1216 1001 1247 ante
1032 1222 1132 1248 anno
1159 1208 1292 1248 consul
1317 1209 1372 1248 in.

86 1272 187 1311 fidiis
219 1273 422 1312 Poenorum
445 1273 752 1318 circumventus,
775 1270 1037 1320 captivitatem
1052 1301 1063 1318 ,
1089 1270 1265 1320 vincula,
1294 1283 1374 1310 car-

85 1348 239 1385 cerem,
263 1336 451 1386 quidquid
474 1336 513 1374 in
538 1334 714 1374 humanis
741 1334 852 1372 rebus
876 1342 942 1372 aut
963 1332 1283 1382 sordidillimum,
1305 1341 1373 1373 aut

59 1397 338 1436 -miserrimum
380 1395 568 1446 habetur,
607 1393 845 1446 pertulill'et3
878 1407 957 1432 non
990 1406 1115 1433 cetera
1150 1394 1267 1433 modo
1300 1393 1373 1433 suae

86 1458 284 1509 dignitatis
308 1467 562 1505 ornamenta,
587 1457 652 1502 sed
677 1455 793 1495 etiam
818 1454 942 1506 ipsum
968 1454 1064 1493 illud
1093 1453 1291 1493 consulare
1317 1451 1374 1494 fa'-

86 1520 261 1571 stigium‚
283 1519 478 1571 fascesque
499 1533 578 1559 non
605 1519 740 1569 sponte
764 1517 915 1558 relictos
930 1548 941 1566 ,
966 1526 1074 1557 tanto
1110 1519 1254 1566 majore
1285 1529 1374 1567 gau-

85 1582 153 1621 dio
185 1582 353 1632 recepit,
382 1591 524 1632 quanto
563 1581 759 1620 acerbiore
790 1579 877 1619 casu
912 1580 1142 1630 perdiderat.
1191 1577 1375 1618 Consules

87 1643 299 1685 Mell'anam
323 1644 550 1696 transgressi,
571 1644 743 1683 alsumtis
769 1656 860 1693 quas
881 1642 934 1682 ibi
950 1648 1167 1693 repererant
1184 1641 1346 1681 navibus
1362 1673 1376 1689 ,

86 1708 171 1762 (eae
196 1707 396 1759 superioris
414 1709 534 1748 ferme
551 1708 738 1758 naufragii
755 1706 921 1757 reliquiae
944 1706 1078 1759 erant)
1096 1718 1185 1744 cum
1212 1705 1374 1745 navibus

88 1770 264 1809 ducentis
295 1772 572 1822 quinquaginta
610 1771 660 1809 ad
691 1770 829 1810 ostium
860 1769 982 1808 amnis
1014 1768 1180 1808 Himerae
1213 1767 1376 1807 accesse-

88 1844 203 1879 runt,
227 1834 492 1883 oppidumque
515 1831 811 1883 Cephaloedium
839 1831 887 1869 ad
912 1828 1265 1869 duodevicesimum
1286 1829 1378 1867 inde

90 1894 254 1934 milliare
278 1896 315 1933 in
341 1897 478 1935 eodem
504 1896 613 1935 litore
636 1896 770 1942 situm,
794 1893 1044 1944 prodentibus
1070 1890 1298 1942 quibusdam
1320 1904 1376 1930 re-

90 1965 289 2007 ceperunt.
330 1958 358 1996 A
384 1956 591 2005 Drepano,
620 1970 707 1996 nam
741 1955 833 1993 illuc
864 1954 1015 1993 cursum
1045 1953 1254 2001 flexerant,
1283 1965 1377 1991 cum

91 2031 216 2069 neque
243 2018 364 2056 statim
394 2019 504 2068 potiri
533 2017 621 2056 loco
646 2017 850 2069 potuill’ent
866 2047 878 2062 ,
903 2018 938 2055 ἃ
963 2015 1204 2054 oblidionem
1233 2014 1375 2065 agitan-

92 2081 193 2119 tibus
227 2078 412 2120 Carthalo
444 2078 635 2129 suppetias
668 2078 752 2118 urbi
783 2077 926 2117 veniret
948 2106 959 2124 ,
989 2076 1183 2126 propolito
1212 2076 1377 2115 frustrati

90 2142 331 2181 recellerunt.

149 2204 232 2243 XL.
259 2205 343 2244 Nec
373 2203 461 2242 ideo
489 2203 676 2253 segniores
706 2202 754 2241 ad
785 2201 1004 2240 audendum
1040 2199 1151 2246 fat-ri,
1189 2199 1377 2245 maiorem

94 2264 290 2316 aliquanto
312 2279 390 2305 rem
412 2265 575 2305 feliciter
598 2264 813 2303 confecere.
846 2264 1074 2303 panormum
1101 2262 1202 2299 enim
1230 2259 1374 2299 directo

95 2327 204 2367 cursu
222 2359 232 2376 ,
247 2328 397 2368 Punicae
423 2329 580 2368 ditionis
598 2327 813 2378 principem
836 2325 994 2372 urbem,
1019 2329 1053 2363 δι
1080 2331 1272 2373 occupato
1291 2335 1376 2373 poi·-

149 2456 170 2499 §
203 2456 392 2489 XXXVIII.
411 2456 533 2490 Zonar.
556 2456 699 2489 Diodor.
725 2454 844 2497 Polyb.
884 2454 905 2497 §
940 2451 1098 2486 XXXIX.
1119 2451 1193 2485 Val.
1224 2450 1315 2482 Max.
1339 2448 1380 2484 6,

94 2511 135 2545 9,
153 2514 203 2535 11.
218 2501 336 2546 Polyb.
355 2501 497 2536 Diodor.
520 2503 621 2534 (juv,
645 2501 737 2534 Sicil.
760 2508 829 2533 ant.
849 2509 866 2531 2
884 2524 894 2539 ,
912 2509 944 2538 4.
