1701 3008
216 214 806 267 HISTORIARUM
857 213 998 261 LIB.
1048 212 1197 259 XXI.
1283 212 1372 275 363

86 324 243 375 tulere.
285 325 434 388 itaque
467 322 769 386 nequidquam
802 331 1033 384 peragrata
1049 319 1292 384 Hispania,
1327 318 1377 367 in

87 398 284 445 Galliam
308 396 550 443 transeunt.

154 472 264 519 XX.
296 473 344 517 In
380 469 448 516 his
471 485 598 515 nova
629 466 931 530 terribilisque
962 465 1129 530 species
1160 465 1256 514 visa
1288 464 1380 525 est‚'

88 546 219 609 quod
251 545 406 592 armati
445 544 534 606 (ita
572 558 671 590 mos
709 541 849 605 gentis
884 541 1011 604 erat)
1051 540 1099 587 in
1129 539 1381 589 concilium

90 630 329 665 venerunt.
372 635 474 665 cum
492 653 505 675 ,
528 616 678 662 verbis
710 614 979 661 extollentes
1009 614 1201 678 gloriam
1229 612 1381 661 virtu-

90 701 271 753 temque
300 691 458 754 populi
484 687 679 736 Romani
712 705 761 734 ac
791 688 1142 749 magnitudinem
1173 684 1381 748 imperii,

90 762 297 826 petissent
317 798 330 820 ‚
361 779 417 809 ne
451 763 598 808 Poeno
617 797 628 816 ,
661 758 827 805 bellum
864 758 998 804 ltaliae
1029 757 1275 816 inferenti,
1301 772 1383 819 per

90 852 224 899 agros
256 835 474 899 urbesque
508 833 606 880 suas
635 832 862 878 transitum
896 831 1080 885 darent;
1109 842 1258 876 tantus
1279 845 1384 876 cum

89 907 271 955 fremitu
300 906 406 954 risus
436 906 598 953 dicitur
628 915 783 961 ortus,
814 919 864 951 ut
902 904 981 949 vix
1010 922 1030 949 a
1058 902 1384 966 magistratibus

93 980 428 1044 majoribusque
463 991 567 1026 natu
596 977 804 1039 juventus
832 977 1067 1024 sedaretur.
1101 977 1228 1023 Adeo
1257 975 1386 1023 stolia

93 1052 149 1099 da
185 1046 507 1116 impudensque
538 1048 780 1113 postulatio
804 1047 897 1097 visa
918 1048 977 1095 est
993 1084 1007 1107 ,
1032 1048 1235 1106 censere,
1262 1063 1320 1093 ne
1335 1046 1386 1093 in

95 1125 263 1172 Italiam
295 1123 596 1172 transmittant
629 1122 749 1170 Galli
780 1122 980 1181 bellum,
1016 1121 1135 1184 ipsos
1170 1120 1215 1166 id
1248 1137 1386 1167 aver-

96 1210 188 1248 tere
220 1198 266 1244 in
298 1197 338 1244 se
358 1234 370 1256 ,
398 1194 614 1261 agrosque
650 1194 754 1242 suos
789 1210 873 1257 pro
905 1192 1064 1242 alienis
1097 1191 1387 1256 populandos

97 1273 312 1337 objicere.
348 1272 511 1318 Sedato
542 1269 724 1316 tandem
755 1267 962 1327 fremitu,
986 1266 1243 1330 responsum
1267 1266 1389 1330 lega-

96 1349 152 1399 tis
183 1348 270 1407 est,
295 1351 433 1409 Neque
462 1349 752 1392 Romanorum
777 1346 824 1389 in
844 1343 894 1403 fi
921 1343 1110 1388 meritum
1130 1340 1232 1404 effe,
1263 1359 1389 1401 neque

100 1422 504 1487 Carthaginienfizcttz
538 1420 769 1476 injuriam,
807 1419 856 1464 ob
891 1434 977 1479 quae
1009 1433 1085 1463 aut
1109 1435 1189 1478 pro
1221 1418 1390 1462 Roma-

95 1501 167 1544 nis
181 1532 193 1549 ‚
228 1512 303 1543 aut
324 1495 519 1555 adversus
538 1495 694 1538 Poenos
704 1492 886 1554 ficmant
903 1509 1035 1536 arma.
1072 1491 1227 1535 Contra
1245 1508 1292 1534 ea
1311 1506 1392 1538 auu,

99 1576 186 1619 dire
200 1573 316 1633 fise,
351 1572 487 1632 gentis
510 1565 824 1629 suae'homines
849 1565 961 1628 agris
982 1563 1221 1624 finibusque
1251 1564 1390 1608 Italia:

94 1651 198 1712 pelli
227 1666 253 1692 a
266 1650 426 1707 populo
455 1646 654 1689 Romano
672 1640 1024 1707 ‚stipendiumque
1040 1639 1217 1697 pendere
1233 1671 1246 1693 ‚
1264 1633 1306 1681 δ’
1324 1654 1390 1681 ce·-

102 1735 188 1767 tera
223 1723 399 1782 indigna
426 1720 540 1780 pati.
572 1714 738 1761 Eadem
767 1710 906 1758 ferme
942 1709 988 1756 in
1029 1709 1185 1756 ceteris
1227 1707 1390 1755 Galliae

103 1793 313 1841 conciliis
343 1793 454 1840 dieta
486 1789 748 1851 auditaque:
782 1801 866 1831 nec
895 1781 1114 1845 hospitale
1142 1780 1391 1844 quidquam

103 1879 372 1930 pacatumve
405 1865 504 1912 satis
545 1863 666 1927 prius
701 1859 899 1908 auditum
923 1892 936 1912 ‚
978 1873 1113 1919 quam
1152 1855 1390 1902 Massiliam

105 1955 286 1986 venere.
325 1937 390 1984 lbi
419 1936 571 1984 omnia
588 1971 601 1994 ‚
628 1934 683 1982 ab
705 1931 838 1979 sociis
862 1929 1068 1993 inquisita
1087 1945 1188 1976 cum
1209 1945 1314 1975 cura
1337 1945 1391 1975 ac

105 2010 224 2068 fide,
258 2008 467 2072 cognita,
490 2020 797 2069 praeoccupatos
815 2003 915 2060 jam
947 2019 1040 2047 ante
1071 2004 1124 2046 ab
1143 2003 1392 2047 Hannibale

108 2085 330 2130 Gallorum
354 2086 520 2128 animos
541 2079 620 2145 effi.
643 2079 727 2141 sed
752 2097 802 2124 ne
827 2079 892 2123 illi
915 2078 1076 2137 quidem
1093 2075 1294 2140 ipsistzcis
1311 2077 1393 2121 mi-

106 2175 184 2206 tem
213 2174 370 2220 gentem
390 2156 514 2214 sore,
552 2153 686 2217 (adeo
705 2152 865 2211 ferocia
889 2167 1006 2211 atque:
1037 2150 1248 2195 indomita
1279 2151 1394 2211 inge-

107 2235 183 2276 nia
205 2227 308 2294 effe)
344 2231 392 2275 ni
414 2229 598 2289 fitbina'e
623 2244 753 2281 auro,
784 2224 901 2282 cujus
922 2222 1159 2284 avidffma
1180 2239 1279 2283 gens
1311 2222 1365 2287 est
1375 2255 1395 2278 ‚

102 2309 339 2367 principum
357 2307 494 2351 animi
513 2307 792 2350 conciliemur.
827 2302 891 2346 Ita
909 2297 1148 2362 peragratis
1167 2295 1395 2359 Hispania:

109 2381 160 2426 &
191 2379 352 2426 Galliae
382 2378 564 2442 populis
584 2414 596 2434 ,
633 2376 764 2440 legati
799 2375 994 2421 Romam
1030 2372 1247 2429 redeunt,
1277 2367 1397 2416 haud

111 2451 169 2496 ita
202 2449 348 2496 multo
381 2449 507 2512 post,
538 2466 671 2512 quam
691 2446 894 2495 consules
923 2445 969 2492 in
995 2441 1257 2508 provincias
1282 2455 1398 2502 pro·-

114 2522 217 2572 feffi
248 2535 386 2572 erant.
442 2522 671 2573 civitatem
709 2537 896 2570 omnem
934 2519 981 2566 in
1017 2513 1400 2582 exspectationem
