1701 3008
217 230 221 233 ,
281 187 366 234 IN
411 184 949 233 LOC.L113.XX
995 173 1132 232 [iv.
1279 199 1374 250 329

87 294 326 336 cutiendum.
368 294 515 346 gladius
549 295 653 334 enim
690 292 861 334 Gallicus
887 301 1037 332 tantum
1065 293 1113 332 ad
1138 305 1220 332 rem
1249 292 1374 333 caeslm

88 358 295 409 gerendam
322 358 638 398 accommodatus
650 389 662 404 ,
680 367 906 396 mucronem
928 355 1113 394 idoneum
1129 368 1210 394 non
1226 353 1344 394 habet
1361 367 1372 394 τ

85 429 269 473 praeterea
284 422 333 462 ad
350 423 518 474 primum
541 422 661 461 idtum
683 420 924 468 incurvatur,
942 417 1219 469 sequentesque
1236 429 1374 468 parum

90 482 268 523 efficaces
297 483 438 532 habet,
462 484 530 522 nisi
562 483 661 534 pede
689 481 830 533 preffus
852 482 991 520 iterum
1019 479 1212 530 dirigatur.
1247 478 1378 518 Even-

91 551 176 584 tum
201 546 353 597 proelii,
380 559 468 586 cum
492 549 532 586 in
554 546 711 586 meliore
733 545 799 597 spe
822 544 990 586 Romani
1013 543 1154 592 essent,
1177 542 1281 582 haud
1308 543 1378 582 du-

89 605 201 647 bium
229 608 320 649 fecit
349 610 521 660 equitum
548 610 712 658 reditus,
735 609 800 660 qui
817 608 963 649 Gallico
989 609 1160 658 equitatu
1179 608 1220 646 in
1244 607 1379 657 fugam

92 671 319 722 compulso,
345 685 392 712 ex
423 673 521 712 colle
548 674 814 721 decurrentes,
835 673 888 729 ‘in
908 671 1006 711 latus
1034 671 1201 710 hostium
1224 666 1379 719 impres-

92 735 236 775 {ionem
261 736 459 784 fecerunt,
485 744 593 776 tanto
625 737 750 775 minus
780 734 1018 775 tolerabilem
1035 765 1047 781 ,
1067 735 1174 785 quod
1200 745 1246 772 ex
1269 733 1378 782 supe-

93 799 196 837 riore
228 799 316 839 loco
349 799 561 850 ingruebat.
599 799 687 839 Hoc
712 799 880 838 maxime
910 798 1029 838 modo
1064 810 1153 836 cum
1190 794 1308 836 Gallis
1336 796 1378 833 in

91 858 239 900 Etruria
268 871 481 912 pugnatum
506 860 685 912 Polybius
708 860 893 899 tradidit:
923 872 944 898 a
975 871 1050 908 quo
1077 870 1212 908 parum
1238 854 1380 905 proba-

91 921 221 963 biliter
245 923 307 963 alii
329 923 563 964 dissentiunt.
596 924 680 974 quis
705 923 807 961 enim
829 930 973 960 temere
995 919 1151 967 credat,
1167 919 1221 957 ita
1250 916 1378 967 potius

89 999 172 1025 rem
207 987 349 1038 gestam
382 986 483 1036 effe,
508 995 551 1026 ut
583 986 713 1026 Gallos
746 987 863 1024 noetu
896 993 976 1023 orta
1006 981 1210 1032 tempestas
1244 979 1378 1030 fugere

91 1050 289 1099 coegerit,
317 1058 498 1100 tanquam
531 1050 689 1089 deorum
721 1049 814 1087 iram
845 1046 1056 1085 timentes?
1091 1041 1379 1094 postremosque

93 1124 229 1150 eorum
250 1111 438 1163 aggress'us
456 1113 498 1152 C.
516 1111 654 1152 Atilius
680 1109 905 1149 occubuerit
920 1109 938 1146 e?
965 1106 1105 1146 deinde
1129 1105 1211 1157 post
1231 1103 1378 1154 aliquot

88 1173 197 1221 dies,
225 1186 314 1212 cum
342 1175 485 1213 interea
511 1173 578 1213 suo
596 1173 757 1224 quilibet
784 1173 824 1211 in
851 1169 949 1210 colle
976 1168 1014 1208 se
1040 1166 1309 1213 continuisset,
1335 1167 1382 1207 L.

89 1234 267 1276 AEmilius
294 1249 381 1275 cum
401 1237 571 1275 exercitu
591 1234 740 1276 Gallico
758 1232 935 1285 prospere
952 1231 1209 1282 pugnaverit?
1241 1229 1378 1279 Neque

92 1298 181 1348 plus
205 1308 400 1338 merentur
425 1299 538 1347 fidei,
556 1300 621 1350 qui
645 1311 780 1349 pugnae
806 1295 937 1336 locum
960 1307 1007 1334 ex
1028 1293 1170 1333 litorali
1195 1287 1377 1344 regione,

89 1361 132 1399 in
157 1373 290 1411 agrum
312 1362 510 1401 Aretinum
538 1361 821 1411 transtulerunt.

157 1424 293 1464 XLIV.
328 1424 513 1464 Cecidiffe
541 1432 621 1464 tum
650 1423 848 1464 Gallorum
875 1420 997 1462 millia
1022 1419 1275 1471 quadraginta
1298 1432 1379 1459 non

91 1486 311 1537 ambigitur.
343 1496 454 1538 capta
483 1487 568 1526 sunt
593 1487 696 1526 haud
725 1487 850 1525 minus
877 1484 994 1524 millia
1019 1484 1155 1523 decem
1184 1495 1274 1521 cum
1299 1496 1378 1522 uno
1431 1523 1435 1525 ,

89 1563 224 1601 regum
251 1550 531 1592 Concolitano:
559 1549 653 1589 alius
679 1548 931 1596 Aneroestusq
951 1547 1022 1603 qui
1041 1545 1263 1597 plurimium
1287 1545 1380 1595 opi-

91 1613 209 1650 nione
241 1612 390 1651 virtutis
424 1614 459 1652 &
490 1611 662 1663 potentia
699 1610 894 1658 valuerat,
931 1609 1062 1661 paucis
1101 1605 1380 1647 comitantibus

90 1669 264 1723 elapsus,
290 1675 330 1712 in
355 1675 448 1724 fuga
482 1673 706 1714 necessarios
743 1671 828 1712 suos
859 1671 972 1722 seque
1003 1669 1126 1722 ipsum
1162 1668 1262 1708 secta
1288 1666 1377 1718 gula

90 1735 299 1777 interemit,
328 1736 496 1787 Recepta
513 1737 565 1775 est
581 1736 707 1787 praeda
732 1736 891 1786 ingens,
915 1746 1027 1785 quam
1056 1729 1188 1770 consul
1217 1729 1378 1769 redden<

91 1799 182 1836 <lam
210 1798 253 1837 iis
289 1801 437 1839 curavit
458 1831 469 1848 ‚
495 1800 634 1850 quibus
660 1799 814 1839 ademta
842 1798 966 1837 fuerat
984 1827 995 1846 ,
1027 1795 1109 1834 suas
1141 1805 1378 1844 unoquoque

90 1874 151 1902 xes
170 1861 463 1911 agnoscentibus
490 1863 669 1903 dominis.
702 1863 799 1903 Inde
827 1875 917 1902 cum
945 1859 1011 1899 suo
1031 1861 1065 1899 &
1082 1857 1246 1908 Atiliano
1274 1869 1379 1896 exer·

93 1926 173 1963 citu
201 1927 307 1974 juxta
335 1926 428 1966 fines
462 1927 642 1976 Ligurum
673 1928 712 1966 in
736 1926 895 1966 Boicum
928 1936 1059 1976 agrum
1093 1921 1306 1972 profectus,
1334 1925 1378 1959 ut

92 1999 221 2036 operae
247 1997 390 2026 navatae
413 1989 633 2028 mercedem
653 1987 811 2028 haberet
836 1987 971 2035 miles,
998 1984 1254 2035 diripiendam
1272 1983 1306 2021 ei
1321 1995 1379 2022 re-

93 2048 249 2097 gionem
285 2049 417 2097 dedit3
447 2048 651 2099 paucisque
686 2049 822 2089 diebus
854 2048 999 2087 satiatas
1026 2046 1151 2097 praeda
1180 2045 1312 2096 copias
1336 2045 1377 2083 in

92 2110 235 2149 Urbem
273 2111 462 2150 reduxit:
502 2119 609 2150 tanto
648 2113 791 2160 maj0re
829 2111 1005 2149 omnium
1044 2107 1198 2154 laeffifia,
1229 2115 1376 2157 quanto

91 2173 216 2211 acrior
238 2173 340 2212 istius
363 2172 452 2212 belli
477 2182 601 2212 metus
624 2173 761 2211 Fuerat.
796 2173 889 2222 Ergo
914 2172 975 2210 vix
997 2170 1218 2220 cuiusquam
1244 2169 1377 2208 triuni-

92 2232 192 2282 phus
218 2234 428 2274 faventium
455 2236 616 2275 vocibus
640 2244 718 2275 tam
753 2234 964 2274 celebratus
991 2233 1066 2272 est:
1105 2232 1256 2284 insignis
1284 2231 1378 2271 alio-

92 2297 208 2344 quin,
234 2299 269 2336 &
292 2311 419 2338 rerum
444 2298 629 2350 gestarum
655 2297 772 2348 gloria
790 2327 800 2344 ‚
831 2298 867 2336 δε
887 2296 1127 2348 captivorum
1149 2294 1378 2347 spoliorum-

92 2371 168 2411 que
194 2358 436 2409 praelatorum
467 2373 627 2400 numero
652 2359 864 2410 pretioque.
880 2377 925 2425 y:

140 2480 162 2524 §
187 2479 303 2514 xum.
327 2479 446 2526 Polyb.
476 2493 519 2523 2,
543 2492 595 2526 30.
617 2481 741 2515 Zonar
777 2481 798 2524 ς
826 2477 1374 2521 X11V.Oros.4,3.Eutrop.

91 2526 115 2560 Ι.
138 2535 168 2570 3
199 2526 385 2560 Diodorus.
410 2526 529 2571 Polyb.
557 2538 597 2569 2,
619 2526 785 2571 30&33.
807 2524 934 2560 Zonar.
1304 2543 1374 2566 *A
