<?xml version="1.0" encoding="UTF-8"?>
<!DOCTYPE html PUBLIC "-//W3C//DTD XHTML 1.0 Transitional//EN"
    "http://www.w3.org/TR/xhtml1/DTD/xhtml1-transitional.dtd">
<html xmlns="http://www.w3.org/1999/xhtml" xml:lang="en" lang="en">
 <head>
  <title>
</title>
<meta http-equiv="Content-Type" content="text/html;charset=utf-8" />
  <meta name='ocr-system' content='tesseract 3.04.00' />
  <meta name='ocr-capabilities' content='ocr_page ocr_carea ocr_par ocr_line ocrx_word'/>
</head>
<body>
  <div class='ocr_page' id='page_1' title='image "./historiarumlibri03livyuoft_0105.png"; bbox 0 0 1701 3008; ppageno 0'>
   <div class='ocr_carea' id='block_1_1' title="bbox 311 215 1363 295">
    <p class='ocr_par' dir='ltr' id='par_1_1' title="bbox 311 215 1363 295">
     <span class='ocr_line' id='line_1_1' title="bbox 311 215 1363 295; baseline 0.003 -33"><span class='ocrx_word' id='word_1_1' title='bbox 311 215 391 263; x_wconf 85' lang='grc' dir='ltr'>ΙΝ</span> <span class='ocrx_word' id='word_1_2' title='bbox 429 216 598 265; x_wconf 88' lang='lat' dir='ltr'>LOC.</span> <span class='ocrx_word' id='word_1_3' title='bbox 644 218 781 266; x_wconf 78' lang='lat' dir='ltr'>LIB.</span> <span class='ocrx_word' id='word_1_4' title='bbox 821 220 939 268; x_wconf 87' lang='lat' dir='ltr'>XII</span> <span class='ocrx_word' id='word_1_5' title='bbox 974 224 1108 272; x_wconf 91' lang='lat' dir='ltr'><strong>LIV.</strong></span> <span class='ocrx_word' id='word_1_6' title='bbox 1241 250 1257 265; x_wconf 83' lang='grc'><strong>.</strong></span> <span class='ocrx_word' id='word_1_7' title='bbox 1299 246 1363 295; x_wconf 87' lang='lat'>97</span> 
     </span>
    </p>
   </div>
   <div class='ocr_carea' id='block_1_2' title="bbox 63 321 1368 2495">
    <p class='ocr_par' dir='ltr' id='par_1_2' title="bbox 69 321 1363 504">
     <span class='ocr_line' id='line_1_2' title="bbox 73 321 1358 390; baseline 0.009 -27"><span class='ocrx_word' id='word_1_8' title='bbox 73 321 128 363; x_wconf 78' lang='lat' dir='ltr'>est</span> <span class='ocrx_word' id='word_1_9' title='bbox 139 353 150 372; x_wconf 73' lang='lat'>‚</span> <span class='ocrx_word' id='word_1_10' title='bbox 167 322 320 363; x_wconf 75' lang='lat' dir='ltr'>Martem</span> <span class='ocrx_word' id='word_1_11' title='bbox 335 324 446 377; x_wconf 81' lang='lat' dir='ltr'>ipsum</span> <span class='ocrx_word' id='word_1_12' title='bbox 462 329 623 364; x_wconf 69' lang='lat' dir='ltr'>auHorem</span> <span class='ocrx_word' id='word_1_13' title='bbox 638 326 715 381; x_wconf 81' lang='lat' dir='ltr'>ejus</span> <span class='ocrx_word' id='word_1_14' title='bbox 729 328 842 380; x_wconf 84' lang='lat' dir='ltr'>operis</span> <span class='ocrx_word' id='word_1_15' title='bbox 857 331 1059 383; x_wconf 51' lang='lat' dir='ltr'>censumque</span> <span class='ocrx_word' id='word_1_16' title='bbox 1073 333 1358 390; x_wconf 58' lang='lat' dir='ltr'>vibloriaefitfflb:</span> 
     </span>
     <span class='ocr_line' id='line_1_3' title="bbox 69 387 1363 450; baseline 0.013 -24"><span class='ocrx_word' id='word_1_17' title='bbox 69 387 312 438; x_wconf 87' lang='lat' dir='ltr'>&#39;consulisque</span> <span class='ocrx_word' id='word_1_18' title='bbox 333 389 460 428; x_wconf 71' lang='lat' dir='ltr'>edicto</span> <span class='ocrx_word' id='word_1_19' title='bbox 485 389 710 441; x_wconf 80' lang='lat' dir='ltr'>supplicatio</span> <span class='ocrx_word' id='word_1_20' title='bbox 732 394 765 430; x_wconf 88' lang='lat' dir='ltr'>ei</span> <span class='ocrx_word' id='word_1_21' title='bbox 797 392 849 431; x_wconf 88' lang='lat' dir='ltr'>est</span> <span class='ocrx_word' id='word_1_22' title='bbox 872 392 1001 433; x_wconf 85' lang='lat' dir='ltr'>habita</span> <span class='ocrx_word' id='word_1_23' title='bbox 1015 426 1026 443; x_wconf 77' lang='grc'>,</span> <span class='ocrx_word' id='word_1_24' title='bbox 1044 397 1255 450; x_wconf 86' lang='lat' dir='ltr'><strong>militesque</strong></span> <span class='ocrx_word' id='word_1_25' title='bbox 1276 401 1363 443; x_wconf 80' lang='lat' dir='ltr'>lau-</span> 
     </span>
     <span class='ocr_line' id='line_1_4' title="bbox 71 449 1058 504; baseline 0.009 -16"><span class='ocrx_word' id='word_1_26' title='bbox 71 450 166 489; x_wconf 79' lang='lat' dir='ltr'>reati</span> <span class='ocrx_word' id='word_1_27' title='bbox 192 463 329 501; x_wconf 83' lang='lat' dir='ltr'>magna</span> <span class='ocrx_word' id='word_1_28' title='bbox 356 463 444 490; x_wconf 91' lang='lat' dir='ltr'>cum</span> <span class='ocrx_word' id='word_1_29' title='bbox 474 449 603 492; x_wconf 84' lang='lat' dir='ltr'>laetitia</span> <span class='ocrx_word' id='word_1_30' title='bbox 634 453 892 504; x_wconf 85' lang='lat' dir='ltr'>supplicatum</span> <span class='ocrx_word' id='word_1_31' title='bbox 919 457 1058 498; x_wconf 86' lang='lat' dir='ltr'>ierunt.</span> 
     </span>
    </p>

    <p class='ocr_par' dir='ltr' id='par_1_3' title="bbox 63 512 1368 2495">
     <span class='ocr_line' id='line_1_5' title="bbox 93 512 1361 572; baseline 0.013 -22"><span class='ocrx_word' id='word_1_32' title='bbox 93 512 209 556; x_wconf 58' lang='lat' dir='ltr'>,vu</span> <span class='ocrx_word' id='word_1_33' title='bbox 251 513 518 564; x_wconf 85' lang='lat' dir='ltr'>Conspirantes</span> <span class='ocrx_word' id='word_1_34' title='bbox 556 515 734 554; x_wconf 84' lang='lat' dir='ltr'>adversus</span> <span class='ocrx_word' id='word_1_35' title='bbox 770 516 987 558; x_wconf 87' lang='lat' dir='ltr'>Romanum</span> <span class='ocrx_word' id='word_1_36' title='bbox 1024 521 1214 572; x_wconf 77' lang='lat' dir='ltr'>populos,</span> <span class='ocrx_word' id='word_1_37' title='bbox 1244 526 1361 567; x_wconf 88' lang='lat' dir='ltr'>nullis</span> 
     </span>
     <span class='ocr_line' id='line_1_6' title="bbox 72 575 1362 641; baseline 0.012 -27"><span class='ocrx_word' id='word_1_38' title='bbox 72 575 203 616; x_wconf 83' lang='lat' dir='ltr'>adhuc</span> <span class='ocrx_word' id='word_1_39' title='bbox 238 577 387 617; x_wconf 79' lang='lat' dir='ltr'>auxiliis</span> <span class='ocrx_word' id='word_1_40' title='bbox 425 577 589 628; x_wconf 82' lang='lat' dir='ltr'>publice¹</span> <span class='ocrx_word' id='word_1_41' title='bbox 615 579 812 619; x_wconf 80' lang='lat' dir='ltr'>Tarentini</span> <span class='ocrx_word' id='word_1_42' title='bbox 845 582 1049 629; x_wconf 83' lang='lat' dir='ltr'>juverant:</span> <span class='ocrx_word' id='word_1_43' title='bbox 1087 587 1148 635; x_wconf 88' lang='lat' dir='ltr'>qui</span> <span class='ocrx_word' id='word_1_44' title='bbox 1177 591 1362 641; x_wconf 71' lang='lat' dir='ltr'>praecipui</span> 
     </span>
     <span class='ocr_line' id='line_1_7' title="bbox 71 636 1360 699; baseline 0.012 -23"><span class='ocrx_word' id='word_1_45' title='bbox 71 637 230 678; x_wconf 84' lang='lat' dir='ltr'>foederis</span> <span class='ocrx_word' id='word_1_46' title='bbox 254 636 354 678; x_wconf 67' lang='lat' dir='ltr'>istius</span> <span class='ocrx_word' id='word_1_47' title='bbox 375 641 575 687; x_wconf 53' lang='lat' dir='ltr'>auctores,</span> <span class='ocrx_word' id='word_1_48' title='bbox 595 648 725 680; x_wconf 87' lang='lat' dir='ltr'>tamen</span> <span class='ocrx_word' id='word_1_49' title='bbox 749 641 913 682; x_wconf 81' lang='lat' dir='ltr'>aliorum</span> <span class='ocrx_word' id='word_1_50' title='bbox 940 643 1135 686; x_wconf 78' lang='lat' dir='ltr'>laboribus</span> <span class='ocrx_word' id='word_1_51' title='bbox 1156 662 1269 699; x_wconf 77' lang='lat' dir='ltr'>quam</span> <span class='ocrx_word' id='word_1_52' title='bbox 1294 651 1360 692; x_wconf 86' lang='lat' dir='ltr'>suo</span> 
     </span>
     <span class='ocr_line' id='line_1_8' title="bbox 75 701 1364 765; baseline 0.011 -25"><span class='ocrx_word' id='word_1_53' title='bbox 75 701 293 743; x_wconf 81' lang='lat' dir='ltr'>discrimine</span> <span class='ocrx_word' id='word_1_54' title='bbox 325 701 452 741; x_wconf 83' lang='lat' dir='ltr'>laceffi</span> <span class='ocrx_word' id='word_1_55' title='bbox 487 703 664 744; x_wconf 84' lang='lat' dir='ltr'>Romana</span> <span class='ocrx_word' id='word_1_56' title='bbox 700 719 829 755; x_wconf 81' lang='lat' dir='ltr'>arma,</span> <span class='ocrx_word' id='word_1_57' title='bbox 858 707 1024 759; x_wconf 79' lang='lat' dir='ltr'>bellique</span> <span class='ocrx_word' id='word_1_58' title='bbox 1056 722 1239 756; x_wconf 83' lang='lat' dir='ltr'>eventum</span> <span class='ocrx_word' id='word_1_59' title='bbox 1264 729 1364 765; x_wconf 70' lang='lat' dir='ltr'>prze-</span> 
     </span>
     <span class='ocr_line' id='line_1_9' title="bbox 74 765 1364 819; baseline 0.009 -13"><span class='ocrx_word' id='word_1_60' title='bbox 74 766 242 812; x_wconf 86' lang='lat' dir='ltr'>tentari,</span> <span class='ocrx_word' id='word_1_61' title='bbox 270 765 475 816; x_wconf 90' lang='lat' dir='ltr'>sapientius</span> <span class='ocrx_word' id='word_1_62' title='bbox 506 767 799 809; x_wconf 80' lang='lat' dir='ltr'>arbitrabantur.</span> <span class='ocrx_word' id='word_1_63' title='bbox 844 772 918 811; x_wconf 85' lang='lat' dir='ltr'>Sed</span> <span class='ocrx_word' id='word_1_64' title='bbox 953 773 1110 812; x_wconf 86' lang='lat' dir='ltr'>minime</span> <span class='ocrx_word' id='word_1_65' title='bbox 1141 777 1206 815; x_wconf 89' lang='lat' dir='ltr'>diu</span> <span class='ocrx_word' id='word_1_66' title='bbox 1242 780 1364 819; x_wconf 84' lang='lat' dir='ltr'>tenuit</span> 
     </span>
     <span class='ocr_line' id='line_1_10' title="bbox 72 826 1366 884; baseline 0.01 -19"><span class='ocrx_word' id='word_1_67' title='bbox 72 827 141 866; x_wconf 85' lang='lat' dir='ltr'>ista</span> <span class='ocrx_word' id='word_1_68' title='bbox 167 826 435 876; x_wconf 60' lang='lat' dir='ltr'>diffimulatiQ</span> <span class='ocrx_word' id='word_1_69' title='bbox 465 827 557 878; x_wconf 83' lang='lat' dir='ltr'>quin</span> <span class='ocrx_word' id='word_1_70' title='bbox 584 829 672 868; x_wconf 86' lang='lat' dir='ltr'>casu</span> <span class='ocrx_word' id='word_1_71' title='bbox 699 831 869 880; x_wconf 82' lang='lat' dir='ltr'>quodam</span> <span class='ocrx_word' id='word_1_72' title='bbox 900 832 1035 872; x_wconf 78' lang='lat' dir='ltr'>insanae</span> <span class='ocrx_word' id='word_1_73' title='bbox 1063 835 1184 884; x_wconf 78' lang='lat' dir='ltr'>plebis</span> <span class='ocrx_word' id='word_1_74' title='bbox 1213 841 1366 879; x_wconf 81' lang='lat' dir='ltr'>temeri-</span> 
     </span>
     <span class='ocr_line' id='line_1_11' title="bbox 74 890 1363 946; baseline 0.01 -18"><span class='ocrx_word' id='word_1_75' title='bbox 74 896 195 928; x_wconf 85' lang='lat' dir='ltr'>tatem</span> <span class='ocrx_word' id='word_1_76' title='bbox 229 897 484 939; x_wconf 77' lang='lat' dir='ltr'>provocante,</span> <span class='ocrx_word' id='word_1_77' title='bbox 509 890 673 930; x_wconf 87' lang='lat' dir='ltr'>civitatis</span> <span class='ocrx_word' id='word_1_78' title='bbox 703 892 858 931; x_wconf 68' lang='lat' dir='ltr'>consilia</span> <span class='ocrx_word' id='word_1_79' title='bbox 889 896 1132 935; x_wconf 81' lang='lat' dir='ltr'>nudarentur.</span> <span class='ocrx_word' id='word_1_80' title='bbox 1170 898 1254 946; x_wconf 80' lang='lat' dir='ltr'>Jam</span> <span class='ocrx_word' id='word_1_81' title='bbox 1280 910 1363 942; x_wconf 86' lang='lat' dir='ltr'>tum</span> 
     </span>
     <span class='ocr_line' id='line_1_12' title="bbox 73 951 1365 1008; baseline 0.01 -17"><span class='ocrx_word' id='word_1_82' title='bbox 73 964 118 991; x_wconf 84' lang='lat' dir='ltr'>ea</span> <span class='ocrx_word' id='word_1_83' title='bbox 142 951 258 992; x_wconf 84' lang='lat' dir='ltr'>Italiae</span> <span class='ocrx_word' id='word_1_84' title='bbox 284 965 375 1001; x_wconf 62' lang='lat' dir='ltr'>ora5</span> <span class='ocrx_word' id='word_1_85' title='bbox 400 952 679 993; x_wconf 87' lang='lat' dir='ltr'>consuetudine</span> <span class='ocrx_word' id='word_1_86' title='bbox 706 955 927 995; x_wconf 72' lang='lat' dir='ltr'>Graecorum</span> <span class='ocrx_word' id='word_1_87' title='bbox 945 987 954 1004; x_wconf 75' lang='grc'><em>,</em></span> <span class='ocrx_word' id='word_1_88' title='bbox 976 970 996 996; x_wconf 85' lang='lat' dir='ltr'>a</span> <span class='ocrx_word' id='word_1_89' title='bbox 1016 959 1154 1008; x_wconf 79' lang='lat' dir='ltr'>quibus</span> <span class='ocrx_word' id='word_1_90' title='bbox 1179 962 1365 1004; x_wconf 75' lang='lat' dir='ltr'>Tarentus</span> 
     </span>
     <span class='ocr_line' id='line_1_13' title="bbox 74 1012 1365 1071; baseline 0.011 -21"><span class='ocrx_word' id='word_1_91' title='bbox 74 1022 364 1064; x_wconf 87' lang='lat' dir='ltr'>ceterarumque</span> <span class='ocrx_word' id='word_1_92' title='bbox 397 1012 551 1051; x_wconf 84' lang='lat' dir='ltr'>urbium</span> <span class='ocrx_word' id='word_1_93' title='bbox 581 1026 668 1064; x_wconf 88' lang='lat' dir='ltr'>pars</span> <span class='ocrx_word' id='word_1_94' title='bbox 699 1014 879 1065; x_wconf 76' lang='lat' dir='ltr'>pleraque</span> <span class='ocrx_word' id='word_1_95' title='bbox 906 1018 1070 1059; x_wconf 70' lang='lat' dir='ltr'>conditae</span> <span class='ocrx_word' id='word_1_96' title='bbox 1093 1020 1264 1071; x_wconf 73' lang='lat' dir='ltr'>fuerant,</span> <span class='ocrx_word' id='word_1_97' title='bbox 1292 1026 1365 1063; x_wconf 88' lang='lat' dir='ltr'>de-</span> 
     </span>
     <span class='ocr_line' id='line_1_14' title="bbox 72 1072 1366 1133; baseline 0.005 -20"><span class='ocrx_word' id='word_1_98' title='bbox 72 1072 172 1114; x_wconf 80' lang='lat' dir='ltr'>liciis</span> <span class='ocrx_word' id='word_1_99' title='bbox 213 1072 519 1124; x_wconf 64' lang='lat' dir='ltr'>spectaculorum</span> <span class='ocrx_word' id='word_1_100' title='bbox 557 1082 671 1124; x_wconf 82' lang='lat' dir='ltr'>atque</span> <span class='ocrx_word' id='word_1_101' title='bbox 710 1075 933 1117; x_wconf 85' lang='lat' dir='ltr'>histrionum</span> <span class='ocrx_word' id='word_1_102' title='bbox 975 1079 1186 1120; x_wconf 82' lang='lat' dir='ltr'>immodice</span> <span class='ocrx_word' id='word_1_103' title='bbox 1223 1086 1366 1133; x_wconf 78' lang='lat' dir='ltr'>gaude-</span> 
     </span>
     <span class='ocr_line' id='line_1_15' title="bbox 75 1135 1365 1196; baseline 0.008 -21"><span class='ocrx_word' id='word_1_104' title='bbox 75 1135 166 1184; x_wconf 85' lang='lat' dir='ltr'>bat,</span> <span class='ocrx_word' id='word_1_105' title='bbox 196 1136 387 1186; x_wconf 61' lang='lat' dir='ltr'>praecipua</span> <span class='ocrx_word' id='word_1_106' title='bbox 415 1136 712 1177; x_wconf 83' lang='lat' dir='ltr'>Tarentinorum</span> <span class='ocrx_word' id='word_1_107' title='bbox 740 1137 913 1187; x_wconf 81' lang='lat' dir='ltr'>luxuria,</span> <span class='ocrx_word' id='word_1_108' title='bbox 930 1153 1026 1190; x_wconf 86' lang='lat' dir='ltr'>quos</span> <span class='ocrx_word' id='word_1_109' title='bbox 1053 1143 1149 1180; x_wconf 81' lang='lat' dir='ltr'>adeo</span> <span class='ocrx_word' id='word_1_110' title='bbox 1177 1147 1365 1196; x_wconf 74' lang='lat' dir='ltr'>corruptis</span> 
     </span>
     <span class='ocr_line' id='line_1_16' title="bbox 77 1198 1367 1254; baseline 0.007 -16"><span class='ocrx_word' id='word_1_111' title='bbox 77 1199 248 1238; x_wconf 87' lang='lat' dir='ltr'>moribus</span> <span class='ocrx_word' id='word_1_112' title='bbox 263 1198 378 1250; x_wconf 70' lang='lat' dir='ltr'>egisse</span> <span class='ocrx_word' id='word_1_113' title='bbox 395 1207 636 1245; x_wconf 80' lang='lat' dir='ltr'>memorant,</span> <span class='ocrx_word' id='word_1_114' title='bbox 652 1208 696 1238; x_wconf 88' lang='lat' dir='ltr'>ut</span> <span class='ocrx_word' id='word_1_115' title='bbox 717 1199 844 1249; x_wconf 83' lang='lat' dir='ltr'>plures</span> <span class='ocrx_word' id='word_1_116' title='bbox 860 1201 992 1251; x_wconf 79' lang='lat' dir='ltr'>epulas</span> <span class='ocrx_word' id='word_1_117' title='bbox 1013 1202 1199 1254; x_wconf 88' lang='lat' dir='ltr'>ludosque</span> <span class='ocrx_word' id='word_1_118' title='bbox 1212 1205 1367 1247; x_wconf 83' lang='lat' dir='ltr'>sollem-</span> 
     </span>
     <span class='ocr_line' id='line_1_17' title="bbox 75 1263 1361 1313; baseline 0.005 -10"><span class='ocrx_word' id='word_1_119' title='bbox 75 1275 142 1303; x_wconf 85' lang='lat' dir='ltr'>nes</span> <span class='ocrx_word' id='word_1_120' title='bbox 169 1263 411 1313; x_wconf 81' lang='lat' dir='ltr'>reciperent,</span> <span class='ocrx_word' id='word_1_121' title='bbox 439 1275 553 1313; x_wconf 86' lang='lat' dir='ltr'>quam</span> <span class='ocrx_word' id='word_1_122' title='bbox 589 1263 677 1302; x_wconf 88' lang='lat' dir='ltr'>anni</span> <span class='ocrx_word' id='word_1_123' title='bbox 714 1263 794 1302; x_wconf 88' lang='lat' dir='ltr'>dies</span> <span class='ocrx_word' id='word_1_124' title='bbox 824 1263 955 1305; x_wconf 74' lang='lat' dir='ltr'>essent.</span> <span class='ocrx_word' id='word_1_125' title='bbox 999 1264 1112 1305; x_wconf 83' lang='lat' dir='ltr'>Forte</span> <span class='ocrx_word' id='word_1_126' title='bbox 1143 1269 1182 1306; x_wconf 89' lang='lat' dir='ltr'>in</span> <span class='ocrx_word' id='word_1_127' title='bbox 1213 1269 1361 1310; x_wconf 81' lang='lat' dir='ltr'>theatro</span> 
     </span>
     <span class='ocr_line' id='line_1_18' title="bbox 75 1323 1366 1375; baseline 0.006 -12"><span class='ocrx_word' id='word_1_128' title='bbox 75 1326 222 1374; x_wconf 86' lang='lat' dir='ltr'>majore</span> <span class='ocrx_word' id='word_1_129' title='bbox 244 1326 352 1374; x_wconf 85' lang='lat' dir='ltr'>juxta</span> <span class='ocrx_word' id='word_1_130' title='bbox 383 1332 536 1375; x_wconf 89' lang='lat' dir='ltr'>portum</span> <span class='ocrx_word' id='word_1_131' title='bbox 565 1323 634 1362; x_wconf 80' lang='lat' dir='ltr'>fito</span> <span class='ocrx_word' id='word_1_132' title='bbox 657 1323 770 1363; x_wconf 90' lang='lat' dir='ltr'>ludos</span> <span class='ocrx_word' id='word_1_133' title='bbox 799 1325 1043 1375; x_wconf 49' lang='lat' dir='ltr'>spectabant3</span> <span class='ocrx_word' id='word_1_134' title='bbox 1074 1340 1163 1367; x_wconf 91' lang='lat' dir='ltr'>cum</span> <span class='ocrx_word' id='word_1_135' title='bbox 1189 1331 1230 1370; x_wconf 94' lang='lat' dir='ltr'>L.</span> <span class='ocrx_word' id='word_1_136' title='bbox 1257 1332 1366 1371; x_wconf 84' lang='lat' dir='ltr'>Vale-</span> 
     </span>
     <span class='ocr_line' id='line_1_19' title="bbox 74 1384 1365 1438; baseline 0.003 -14"><span class='ocrx_word' id='word_1_137' title='bbox 74 1387 151 1438; x_wconf 63' lang='lat' dir='ltr'>rius</span> <span class='ocrx_word' id='word_1_138' title='bbox 177 1384 272 1438; x_wconf 88' lang='lat' dir='ltr'>(alii</span> <span class='ocrx_word' id='word_1_139' title='bbox 299 1384 521 1433; x_wconf 85' lang='lat' dir='ltr'>Cornelium</span> <span class='ocrx_word' id='word_1_140' title='bbox 550 1385 784 1434; x_wconf 87' lang='lat' dir='ltr'>nominant)</span> <span class='ocrx_word' id='word_1_141' title='bbox 808 1386 988 1425; x_wconf 89' lang='lat' dir='ltr'>duumvir</span> <span class='ocrx_word' id='word_1_142' title='bbox 1019 1389 1183 1438; x_wconf 81' lang='lat' dir='ltr'>navalis,</span> <span class='ocrx_word' id='word_1_143' title='bbox 1211 1392 1365 1432; x_wconf 82' lang='lat' dir='ltr'>decem.</span> 
     </span>
     <span class='ocr_line' id='line_1_20' title="bbox 75 1447 1366 1505; baseline 0.004 -18"><span class='ocrx_word' id='word_1_144' title='bbox 75 1461 150 1499; x_wconf 90' lang='lat' dir='ltr'>que</span> <span class='ocrx_word' id='word_1_145' title='bbox 182 1447 364 1487; x_wconf 84' lang='lat' dir='ltr'>Romanae</span> <span class='ocrx_word' id='word_1_146' title='bbox 393 1460 508 1487; x_wconf 85' lang='lat' dir='ltr'>naves</span> <span class='ocrx_word' id='word_1_147' title='bbox 536 1457 690 1498; x_wconf 83' lang='lat' dir='ltr'>portum</span> <span class='ocrx_word' id='word_1_148' title='bbox 722 1449 932 1489; x_wconf 85' lang='lat' dir='ltr'>introiturae</span> <span class='ocrx_word' id='word_1_149' title='bbox 959 1450 995 1489; x_wconf 90' lang='lat' dir='ltr'>se</span> <span class='ocrx_word' id='word_1_150' title='bbox 1018 1451 1247 1494; x_wconf 88' lang='lat' dir='ltr'>ostendunt:</span> <span class='ocrx_word' id='word_1_151' title='bbox 1281 1469 1366 1505; x_wconf 86' lang='lat' dir='ltr'>per.</span> 
     </span>
     <span class='ocr_line' id='line_1_21' title="bbox 75 1508 1366 1562; baseline 0.008 -14"><span class='ocrx_word' id='word_1_152' title='bbox 75 1508 220 1549; x_wconf 88' lang='lat' dir='ltr'>nicioso</span> <span class='ocrx_word' id='word_1_153' title='bbox 243 1508 411 1560; x_wconf 89' lang='lat' dir='ltr'>utrisque</span> <span class='ocrx_word' id='word_1_154' title='bbox 435 1523 584 1559; x_wconf 87' lang='lat' dir='ltr'>errore;</span> <span class='ocrx_word' id='word_1_155' title='bbox 611 1523 698 1550; x_wconf 89' lang='lat' dir='ltr'>curn</span> <span class='ocrx_word' id='word_1_156' title='bbox 724 1511 842 1562; x_wconf 83' lang='lat' dir='ltr'>ignari</span> <span class='ocrx_word' id='word_1_157' title='bbox 870 1526 995 1552; x_wconf 85' lang='lat' dir='ltr'>rerum</span> <span class='ocrx_word' id='word_1_158' title='bbox 1019 1516 1193 1555; x_wconf 83' lang='lat' dir='ltr'>omnium</span> <span class='ocrx_word' id='word_1_159' title='bbox 1214 1517 1366 1558; x_wconf 84' lang='lat' dir='ltr'>Roma-</span> 
     </span>
     <span class='ocr_line' id='line_1_22' title="bbox 72 1567 1363 1626; baseline 0.009 -17"><span class='ocrx_word' id='word_1_160' title='bbox 72 1571 112 1610; x_wconf 89' lang='lat' dir='ltr'>ni</span> <span class='ocrx_word' id='word_1_161' title='bbox 142 1578 323 1621; x_wconf 82' lang='lat' dir='ltr'>tanquam</span> <span class='ocrx_word' id='word_1_162' title='bbox 352 1571 519 1612; x_wconf 81' lang='lat' dir='ltr'>amicum</span> <span class='ocrx_word' id='word_1_163' title='bbox 548 1574 581 1612; x_wconf 70' lang='lat'>8&lt;</span> <span class='ocrx_word' id='word_1_164' title='bbox 611 1571 800 1624; x_wconf 80' lang='lat' dir='ltr'>hospitale</span> <span class='ocrx_word' id='word_1_165' title='bbox 826 1573 912 1613; x_wconf 88' lang='lat' dir='ltr'>litus</span> <span class='ocrx_word' id='word_1_166' title='bbox 939 1567 1133 1626; x_wconf 80' lang='lat' dir='ltr'>peterent3</span> <span class='ocrx_word' id='word_1_167' title='bbox 1166 1579 1363 1620; x_wconf 82' lang='lat' dir='ltr'>Tarentini</span> 
     </span>
     <span class='ocr_line' id='line_1_23' title="bbox 74 1632 1366 1691; baseline 0.008 -20"><span class='ocrx_word' id='word_1_168' title='bbox 74 1632 306 1672; x_wconf 86' lang='lat' dir='ltr'>conscientia</span> <span class='ocrx_word' id='word_1_169' title='bbox 326 1635 531 1681; x_wconf 69' lang='lat' dir='ltr'>vecordes,</span> <span class='ocrx_word' id='word_1_170' title='bbox 549 1635 701 1674; x_wconf 73' lang='lat' dir='ltr'>classem</span> <span class='ocrx_word' id='word_1_171' title='bbox 727 1635 850 1676; x_wconf 84' lang='lat' dir='ltr'>hostili</span> <span class='ocrx_word' id='word_1_172' title='bbox 877 1638 1005 1677; x_wconf 82' lang='lat' dir='ltr'>animo</span> <span class='ocrx_word' id='word_1_173' title='bbox 1027 1640 1261 1691; x_wconf 74' lang='lat' dir='ltr'>consilioque</span> <span class='ocrx_word' id='word_1_174' title='bbox 1279 1642 1366 1681; x_wconf 82' lang='lat' dir='ltr'>mis-</span> 
     </span>
     <span class='ocr_line' id='line_1_24' title="bbox 73 1696 1365 1755; baseline 0.006 -19"><span class='ocrx_word' id='word_1_175' title='bbox 73 1697 152 1736; x_wconf 87' lang='lat' dir='ltr'>sam</span> <span class='ocrx_word' id='word_1_176' title='bbox 169 1696 242 1736; x_wconf 84' lang='lat' dir='ltr'>effe</span> <span class='ocrx_word' id='word_1_177' title='bbox 267 1697 614 1748; x_wconf 83' lang='lat' dir='ltr'>interpretarentur.</span> <span class='ocrx_word' id='word_1_178' title='bbox 644 1700 756 1738; x_wconf 75' lang='lat' dir='ltr'>Adest</span> <span class='ocrx_word' id='word_1_179' title='bbox 775 1698 1030 1748; x_wconf 66' lang='lat' dir='ltr'>Plrilocharis,</span> <span class='ocrx_word' id='word_1_180' title='bbox 1049 1715 1162 1752; x_wconf 87' lang='lat' dir='ltr'>quem</span> <span class='ocrx_word' id='word_1_181' title='bbox 1178 1703 1228 1742; x_wconf 92' lang='lat' dir='ltr'>ob</span> <span class='ocrx_word' id='word_1_182' title='bbox 1245 1705 1365 1755; x_wconf 88' lang='lat' dir='ltr'>turpi·</span> 
     </span>
     <span class='ocr_line' id='line_1_25' title="bbox 75 1759 1362 1811; baseline 0.006 -13"><span class='ocrx_word' id='word_1_183' title='bbox 75 1759 249 1798; x_wconf 86' lang='lat' dir='ltr'>tudinem</span> <span class='ocrx_word' id='word_1_184' title='bbox 277 1760 364 1798; x_wconf 82' lang='lat' dir='ltr'>vitae</span> <span class='ocrx_word' id='word_1_185' title='bbox 391 1760 491 1799; x_wconf 87' lang='lat' dir='ltr'>cives</span> <span class='ocrx_word' id='word_1_186' title='bbox 525 1759 579 1800; x_wconf 85' lang='lat' dir='ltr'>sui</span> <span class='ocrx_word' id='word_1_187' title='bbox 617 1762 783 1799; x_wconf 81' lang='lat' dir='ltr'>Thaidem</span> <span class='ocrx_word' id='word_1_188' title='bbox 813 1760 1086 1811; x_wconf 80' lang='lat' dir='ltr'>appellabant:</span> <span class='ocrx_word' id='word_1_189' title='bbox 1125 1764 1154 1803; x_wconf 84' lang='lat' dir='ltr'>is</span> <span class='ocrx_word' id='word_1_190' title='bbox 1188 1776 1362 1806; x_wconf 86' lang='lat' dir='ltr'>veterum</span> 
     </span>
     <span class='ocr_line' id='line_1_26' title="bbox 76 1817 1364 1872; baseline 0.005 -11"><span class='ocrx_word' id='word_1_191' title='bbox 76 1821 319 1872; x_wconf 84' lang='lat' dir='ltr'>quorundam</span> <span class='ocrx_word' id='word_1_192' title='bbox 346 1821 537 1862; x_wconf 82' lang='lat' dir='ltr'>foederum</span> <span class='ocrx_word' id='word_1_193' title='bbox 562 1817 667 1862; x_wconf 74' lang='lat' dir='ltr'>illata</span> <span class='ocrx_word' id='word_1_194' title='bbox 692 1823 910 1871; x_wconf 81' lang='lat' dir='ltr'>mentione,</span> <span class='ocrx_word' id='word_1_195' title='bbox 929 1824 984 1863; x_wconf 82' lang='lat' dir='ltr'>fas</span> <span class='ocrx_word' id='word_1_196' title='bbox 1006 1824 1078 1863; x_wconf 79' lang='lat' dir='ltr'>esse</span> <span class='ocrx_word' id='word_1_197' title='bbox 1095 1826 1279 1866; x_wconf 80' lang='lat' dir='ltr'>Romanis</span> <span class='ocrx_word' id='word_1_198' title='bbox 1298 1842 1364 1867; x_wconf 93' lang='lat' dir='ltr'>ne-</span> 
     </span>
     <span class='ocr_line' id='line_1_27' title="bbox 76 1882 1364 1936; baseline 0.005 -15"><span class='ocrx_word' id='word_1_199' title='bbox 76 1891 141 1933; x_wconf 86' lang='lat' dir='ltr'>gat</span> <span class='ocrx_word' id='word_1_200' title='bbox 174 1882 372 1922; x_wconf 85' lang='lat' dir='ltr'>Lacinium</span> <span class='ocrx_word' id='word_1_201' title='bbox 409 1884 718 1934; x_wconf 87' lang='lat' dir='ltr'>promontorium</span> <span class='ocrx_word' id='word_1_202' title='bbox 754 1886 1093 1936; x_wconf 76' lang='lat' dir='ltr'>praeternavigandi</span> <span class='ocrx_word' id='word_1_203' title='bbox 1119 1900 1127 1926; x_wconf 90' lang='lat'><strong>:</strong></span> <span class='ocrx_word' id='word_1_204' title='bbox 1156 1889 1293 1927; x_wconf 70' lang='lat' dir='ltr'>obviam</span> <span class='ocrx_word' id='word_1_205' title='bbox 1320 1890 1364 1928; x_wconf 83' lang='lat' dir='ltr'>iri</span> 
     </span>
     <span class='ocr_line' id='line_1_28' title="bbox 69 1945 1365 2002; baseline 0.006 -18"><span class='ocrx_word' id='word_1_206' title='bbox 69 1946 196 1999; x_wconf 73' lang='lat' dir='ltr'>stolide</span> <span class='ocrx_word' id='word_1_207' title='bbox 206 1945 386 1998; x_wconf 59' lang='lat' dir='ltr'>ferocibus</span> <span class='ocrx_word' id='word_1_208' title='bbox 401 1949 582 1996; x_wconf 74' lang='lat' dir='ltr'>barbaris,</span> <span class='ocrx_word' id='word_1_209' title='bbox 596 1950 859 2002; x_wconf 78' lang='lat' dir='ltr'>superbiamque</span> <span class='ocrx_word' id='word_1_210' title='bbox 878 1950 969 1987; x_wconf 62' lang='lat' dir='ltr'>malo</span> <span class='ocrx_word' id='word_1_211' title='bbox 989 1952 1131 1988; x_wconf 70' lang='lat' dir='ltr'>coerceri.</span> <span class='ocrx_word' id='word_1_212' title='bbox 1146 1951 1266 1999; x_wconf 85' lang='lat' dir='ltr'>jubet.</span> <span class='ocrx_word' id='word_1_213' title='bbox 1291 1955 1365 1992; x_wconf 81' lang='lat' dir='ltr'>Ac-</span> 
     </span>
     <span class='ocr_line' id='line_1_29' title="bbox 76 2005 1364 2062; baseline 0.005 -17"><span class='ocrx_word' id='word_1_214' title='bbox 76 2005 220 2046; x_wconf 85' lang='lat' dir='ltr'>clamat</span> <span class='ocrx_word' id='word_1_215' title='bbox 250 2008 448 2047; x_wconf 84' lang='lat' dir='ltr'>temeraria</span> <span class='ocrx_word' id='word_1_216' title='bbox 475 2009 684 2049; x_wconf 89' lang='lat' dir='ltr'>multitudo</span> <span class='ocrx_word' id='word_1_217' title='bbox 709 2022 783 2060; x_wconf 79' lang='lat' dir='ltr'>prae</span> <span class='ocrx_word' id='word_1_218' title='bbox 809 2010 988 2049; x_wconf 84' lang='lat' dir='ltr'>continua</span> <span class='ocrx_word' id='word_1_219' title='bbox 1015 2008 1168 2062; x_wconf 85' lang='lat' dir='ltr'>crapula</span> <span class='ocrx_word' id='word_1_220' title='bbox 1194 2026 1272 2051; x_wconf 87' lang='lat' dir='ltr'>non</span> <span class='ocrx_word' id='word_1_221' title='bbox 1299 2013 1364 2052; x_wconf 87' lang='lat' dir='ltr'>be-</span> 
     </span>
     <span class='ocr_line' id='line_1_30' title="bbox 76 2070 1365 2121; baseline 0.006 -13"><span class='ocrx_word' id='word_1_222' title='bbox 76 2082 125 2108; x_wconf 91' lang='lat' dir='ltr'>ne</span> <span class='ocrx_word' id='word_1_223' title='bbox 155 2070 291 2109; x_wconf 84' lang='lat' dir='ltr'>mentis</span> <span class='ocrx_word' id='word_1_224' title='bbox 318 2082 491 2121; x_wconf 81' lang='lat' dir='ltr'>compos·</span> <span class='ocrx_word' id='word_1_225' title='bbox 525 2072 704 2112; x_wconf 86' lang='lat' dir='ltr'>Hominis</span> <span class='ocrx_word' id='word_1_226' title='bbox 735 2074 929 2112; x_wconf 78' lang='lat' dir='ltr'>foediffimi</span> <span class='ocrx_word' id='word_1_227' title='bbox 959 2074 1006 2113; x_wconf 90' lang='lat' dir='ltr'>de</span> <span class='ocrx_word' id='word_1_228' title='bbox 1033 2083 1136 2114; x_wconf 86' lang='lat' dir='ltr'>tanta</span> <span class='ocrx_word' id='word_1_229' title='bbox 1159 2088 1196 2114; x_wconf 88' lang='lat' dir='ltr'>re</span> <span class='ocrx_word' id='word_1_230' title='bbox 1217 2077 1365 2116; x_wconf 80' lang='lat' dir='ltr'>senten-</span> 
     </span>
     <span class='ocr_line' id='line_1_31' title="bbox 75 2131 1364 2184; baseline 0.007 -15"><span class='ocrx_word' id='word_1_231' title='bbox 75 2131 129 2170; x_wconf 89' lang='lat' dir='ltr'>tia</span> <span class='ocrx_word' id='word_1_232' title='bbox 155 2131 330 2171; x_wconf 89' lang='lat' dir='ltr'>omnium</span> <span class='ocrx_word' id='word_1_233' title='bbox 358 2132 500 2171; x_wconf 64' lang='lat' dir='ltr'>assensu</span> <span class='ocrx_word' id='word_1_234' title='bbox 527 2134 724 2184; x_wconf 84' lang='lat' dir='ltr'>accipitur.</span> <span class='ocrx_word' id='word_1_235' title='bbox 750 2147 821 2173; x_wconf 91' lang='lat' dir='ltr'>nec</span> <span class='ocrx_word' id='word_1_236' title='bbox 849 2148 975 2174; x_wconf 88' lang='lat' dir='ltr'>mora:</span> <span class='ocrx_word' id='word_1_237' title='bbox 996 2136 1207 2175; x_wconf 84' lang='lat' dir='ltr'>decurritur</span> <span class='ocrx_word' id='word_1_238' title='bbox 1233 2139 1278 2177; x_wconf 81' lang='lat' dir='ltr'>ad</span> <span class='ocrx_word' id='word_1_239' title='bbox 1306 2153 1364 2178; x_wconf 84' lang='lat' dir='ltr'>ar-</span> 
     </span>
     <span class='ocr_line' id='line_1_32' title="bbox 77 2193 1364 2248; baseline 0.007 -18"><span class='ocrx_word' id='word_1_240' title='bbox 77 2203 139 2230; x_wconf 89' lang='lat' dir='ltr'>ma</span> <span class='ocrx_word' id='word_1_241' title='bbox 182 2193 384 2242; x_wconf 88' lang='lat' dir='ltr'>navesque.</span> <span class='ocrx_word' id='word_1_242' title='bbox 439 2193 607 2233; x_wconf 85' lang='lat' dir='ltr'>Romani</span> <span class='ocrx_word' id='word_1_243' title='bbox 649 2194 792 2234; x_wconf 81' lang='lat' dir='ltr'>nullam</span> <span class='ocrx_word' id='word_1_244' title='bbox 827 2197 874 2235; x_wconf 87' lang='lat' dir='ltr'>ad</span> <span class='ocrx_word' id='word_1_245' title='bbox 902 2209 977 2234; x_wconf 89' lang='lat' dir='ltr'>rem</span> <span class='ocrx_word' id='word_1_246' title='bbox 1008 2197 1131 2236; x_wconf 74' lang='lat' dir='ltr'>minus</span> <span class='ocrx_word' id='word_1_247' title='bbox 1167 2212 1279 2248; x_wconf 83' lang='lat' dir='ltr'>quam</span> <span class='ocrx_word' id='word_1_248' title='bbox 1315 2202 1364 2239; x_wconf 84' lang='lat' dir='ltr'>ad</span> 
     </span>
     <span class='ocr_line' id='line_1_33' title="bbox 75 2255 1367 2306; baseline 0.006 -14"><span class='ocrx_word' id='word_1_249' title='bbox 75 2267 245 2305; x_wconf 88' lang='lat' dir='ltr'>pugnam</span> <span class='ocrx_word' id='word_1_250' title='bbox 278 2255 427 2305; x_wconf 89' lang='lat' dir='ltr'>parati,</span> <span class='ocrx_word' id='word_1_251' title='bbox 454 2256 555 2306; x_wconf 82' lang='lat' dir='ltr'>fuga:</span> <span class='ocrx_word' id='word_1_252' title='bbox 583 2256 619 2295; x_wconf 91' lang='lat' dir='ltr'>se</span> <span class='ocrx_word' id='word_1_253' title='bbox 645 2260 909 2298; x_wconf 82' lang='lat' dir='ltr'>committunt.</span> <span class='ocrx_word' id='word_1_254' title='bbox 957 2260 1031 2298; x_wconf 85' lang='lat' dir='ltr'>Sed</span> <span class='ocrx_word' id='word_1_255' title='bbox 1060 2260 1230 2298; x_wconf 72' lang='lat' dir='ltr'>celeriter</span> <span class='ocrx_word' id='word_1_256' title='bbox 1264 2261 1367 2300; x_wconf 74' lang='lat' dir='ltr'>infe-</span> 
     </span>
     <span class='ocr_line' id='line_1_34' title="bbox 76 2316 1368 2371; baseline 0.005 -17"><span class='ocrx_word' id='word_1_257' title='bbox 76 2316 280 2367; x_wconf 85' lang='lat' dir='ltr'>quentibus</span> <span class='ocrx_word' id='word_1_258' title='bbox 311 2317 528 2358; x_wconf 88' lang='lat' dir='ltr'>Tarentinis</span> <span class='ocrx_word' id='word_1_259' title='bbox 567 2320 735 2358; x_wconf 87' lang='lat' dir='ltr'>evadunt</span> <span class='ocrx_word' id='word_1_260' title='bbox 771 2333 884 2359; x_wconf 88' lang='lat' dir='ltr'>naves</span> <span class='ocrx_word' id='word_1_261' title='bbox 925 2321 1116 2371; x_wconf 82' lang='lat' dir='ltr'>quinque,</span> <span class='ocrx_word' id='word_1_262' title='bbox 1154 2323 1314 2361; x_wconf 80' lang='lat' dir='ltr'>totidem</span> <span class='ocrx_word' id='word_1_263' title='bbox 1348 2335 1368 2361; x_wconf 84' lang='lat' dir='ltr'>a</span> 
     </span>
     <span class='ocr_line' id='line_1_35' title="bbox 63 2377 1368 2435; baseline 0.006 -20"><span class='ocrx_word' id='word_1_264' title='bbox 63 2377 252 2429; x_wconf 53' lang='lat' dir='ltr'>xpluribus</span> <span class='ocrx_word' id='word_1_265' title='bbox 280 2379 549 2420; x_wconf 68' lang='lat' dir='ltr'>circumventae</span> <span class='ocrx_word' id='word_1_266' title='bbox 570 2382 608 2419; x_wconf 90' lang='lat' dir='ltr'>in</span> <span class='ocrx_word' id='word_1_267' title='bbox 636 2390 788 2432; x_wconf 85' lang='lat' dir='ltr'>portum</span> <span class='ocrx_word' id='word_1_268' title='bbox 816 2383 1060 2434; x_wconf 78' lang='lat' dir='ltr'>rediguntur:</span> <span class='ocrx_word' id='word_1_269' title='bbox 1092 2397 1135 2423; x_wconf 79' lang='lat' dir='ltr'>ex</span> <span class='ocrx_word' id='word_1_270' title='bbox 1161 2384 1217 2423; x_wconf 71' lang='lat' dir='ltr'>his</span> <span class='ocrx_word' id='word_1_271' title='bbox 1244 2386 1368 2435; x_wconf 67' lang='lat' dir='ltr'>(lupri-</span> 
     </span>
     <span class='ocr_line' id='line_1_36' title="bbox 76 2440 1365 2495; baseline 0.002 -16"><span class='ocrx_word' id='word_1_272' title='bbox 76 2449 232 2479; x_wconf 87' lang='lat' dir='ltr'>muntur</span> <span class='ocrx_word' id='word_1_273' title='bbox 257 2452 346 2479; x_wconf 88' lang='lat' dir='ltr'>cum</span> <span class='ocrx_word' id='word_1_274' title='bbox 374 2440 454 2491; x_wconf 88' lang='lat' dir='ltr'>ipso</span> <span class='ocrx_word' id='word_1_275' title='bbox 483 2442 686 2481; x_wconf 87' lang='lat' dir='ltr'>duumviro</span> <span class='ocrx_word' id='word_1_276' title='bbox 720 2452 906 2494; x_wconf 62' lang='lat' dir='ltr'>quatuor,</span> <span class='ocrx_word' id='word_1_277' title='bbox 934 2457 1006 2483; x_wconf 64' lang='lat' dir='ltr'>unzi</span> <span class='ocrx_word' id='word_1_278' title='bbox 1035 2445 1211 2495; x_wconf 75' lang='lat' dir='ltr'>capitur:</span> <span class='ocrx_word' id='word_1_279' title='bbox 1243 2445 1365 2483; x_wconf 82' lang='lat' dir='ltr'>homi-</span> 
     </span>
    </p>
   </div>
   <div class='ocr_carea' id='block_1_3' title="bbox 120 2547 1369 2652">
    <p class='ocr_par' dir='ltr' id='par_1_4' title="bbox 120 2547 1369 2652">
     <span class='ocr_line' id='line_1_37' title="bbox 120 2547 1369 2594; baseline 0 -13"><span class='ocrx_word' id='word_1_280' title='bbox 120 2550 143 2594; x_wconf 83' lang='lat'>§</span> <span class='ocrx_word' id='word_1_281' title='bbox 169 2549 227 2581; x_wconf 82' lang='lat' dir='ltr'>vl.</span> <span class='ocrx_word' id='word_1_282' title='bbox 254 2548 398 2593; x_wconf 86' lang='lat' dir='ltr'>Dionys.</span> <span class='ocrx_word' id='word_1_283' title='bbox 418 2547 502 2582; x_wconf 85' lang='lat' dir='ltr'>Plin.</span> <span class='ocrx_word' id='word_1_284' title='bbox 519 2559 582 2592; x_wconf 84' lang='lat'>34,</span> <span class='ocrx_word' id='word_1_285' title='bbox 599 2559 631 2591; x_wconf 85' lang='lat'>7.</span> <span class='ocrx_word' id='word_1_286' title='bbox 652 2552 727 2586; x_wconf 78' lang='lat' dir='ltr'>Val.</span> <span class='ocrx_word' id='word_1_287' title='bbox 747 2551 841 2584; x_wconf 80' lang='lat' dir='ltr'>Max.</span> <span class='ocrx_word' id='word_1_288' title='bbox 861 2562 873 2584; x_wconf 82' lang='grc' dir='ltr'><strong><em>ι</em></strong></span> <span class='ocrx_word' id='word_1_289' title='bbox 889 2577 898 2592; x_wconf 92' lang='grc'><strong>,</strong></span> <span class='ocrx_word' id='word_1_290' title='bbox 912 2551 943 2585; x_wconf 81' lang='lat'>8.</span> <span class='ocrx_word' id='word_1_291' title='bbox 966 2551 1040 2584; x_wconf 82' lang='lat' dir='ltr'>Am.</span> <span class='ocrx_word' id='word_1_292' title='bbox 1064 2551 1201 2585; x_wconf 70' lang='lat' dir='ltr'>Marcei.</span> <span class='ocrx_word' id='word_1_293' title='bbox 1225 2562 1267 2588; x_wconf 70' lang='lat'>2⁴</span> <span class='ocrx_word' id='word_1_294' title='bbox 1283 2577 1290 2587; x_wconf 79' lang='grc'><strong>,</strong></span> <span class='ocrx_word' id='word_1_295' title='bbox 1317 2559 1369 2590; x_wconf 74' lang='grc' dir='ltr'>ις.</span> 
     </span>
     <span class='ocr_line' id='line_1_38' title="bbox 139 2603 1120 2652; baseline 0.001 -4"><span class='ocrx_word' id='word_1_296' title='bbox 139 2603 190 2650; x_wconf 82' lang='grc' dir='ltr'>Τ.</span> <span class='ocrx_word' id='word_1_297' title='bbox 206 2605 300 2652; x_wconf 76' lang='lat' dir='ltr'>Liv.</span> <span class='ocrx_word' id='word_1_298' title='bbox 336 2606 432 2649; x_wconf 84' lang='lat' dir='ltr'>Vol.</span> <span class='ocrx_word' id='word_1_299' title='bbox 455 2604 540 2648; x_wconf 87' lang='lat' dir='ltr'>III.</span> <span class='ocrx_word' id='word_1_300' title='bbox 1082 2607 1120 2649; x_wconf 68' lang='lat' dir='ltr'>(J</span> 
     </span>
    </p>
   </div>
   <div class='ocr_carea' id='block_1_4' title="bbox 872 2672 884 2690">
    <p class='ocr_par' dir='ltr' id='par_1_5' title="bbox 872 2672 884 2690">
     <span class='ocr_line' id='line_1_39' title="bbox 872 2672 884 2690; baseline 0 0"><span class='ocrx_word' id='word_1_301' title='bbox 872 2672 884 2690; x_wconf 71' lang='grc' dir='ltr'><strong><em>Ι</em></strong></span> 
     </span>
    </p>
   </div>
  </div>
 </body>
</html>
