1701 3008
124 236 440 287 JO·.FRE1NS.
463 234 620 282 SUPP.
640 233 703 280 ΙΝ
723 232 864 279 LOC.
887 232 934 278 L.
951 230 1083 278 XVII
1099 231 1214 276 LIV.
1259 244 1351 292 217

68 399 98 440 I.
123 351 401 459 QUARTUS
437 398 517 446 jam
551 393 643 434 belli
676 392 997 444 Carthaginiensis
1027 404 1150 432 annus
1181 391 1355 438 exierat,

70 474 196 511 neque
230 458 444 511 poenitebat
471 457 620 498 virtutis
653 465 719 495 aut
754 456 916 495 fortunae
947 455 1171 496 Romanos:
1209 451 1358 505 proeliis

72 525 175 567 enim
190 523 383 571 omnibus,
396 521 697 574 quotiescunque
714 519 899 571 congreffi
916 532 1004 559 cum
1019 517 1273 570 Syracusanis,
1289 524 1356 556 aut

73 599 163 625 cum
193 586 318 625 Poenis
346 584 522 632 fuerant,
545 582 704 622 vic‘tores
729 580 994 621 discesserant:
1022 580 1221 632 opulentas
1246 579 1359 618 urbes

73 649 339 701 oppugnando
378 654 589 697 ceperant:
619 643 701 683 aliae
735 643 1026 683 conditionibus
1065 645 1104 682 in
1132 643 1359 695 potestatem

70 720 280 753 venerant:
311 709 376 749 sed
401 707 555 759 quando
589 705 736 756 bellurn
763 707 803 745 in
830 705 950 745 insula
984 707 1206 756 gerebatur,
1235 717 1360 755 neque

76 781 339 821 commeatus,
357 783 482 821 neque
505 767 796 820 supplementa,
822 780 912 805 cum
937 780 1033 817 opus
1056 768 1147 807 ess'et
1162 799 1172 815 ,
1189 765 1363 806 submitti

75 842 280 888 poterant:
311 835 347 874 sc
378 843 493 871 naves
528 829 894 881 Carthaginienslum
922 827 1050 867 liberis
1086 832 1120 869 Sc
1147 829 1363 880 improviiis

76 897 297 951 appulfibus
328 909 409 935 non
444 895 563 934 modo
594 892 740 934 Siculas
772 890 885 931 urbes
922 891 970 929 ad
1003 904 1104 929 mare
1140 890 1278 940 positas
1313 902 1361 928 ex

74 971 161 1002 tuto
193 959 416 1007 ve'xabant3
448 957 512 996 sed
537 956 653 995 etiam
681 954 800 995 Italiae
827 967 934 993 oram
960 953 1121 992 subinde
1149 954 1360 998 vastantes,

80 1024 116 1064 ἅ
135 1023 412 1062 detrimentum
429 1018 591 1068 imperio
610 1017 874 1068 Romanorum
889 1046 899 1064 ,
923 1014 1226 1066 &ignominiam
1250 1014 1363 1053 farnae

39 1112 45 1115 -
77 1076 317 1131 inferebant3
347 1094 434 1119 cum
465 1079 620 1118 interim
646 1079 773 1118 Africa
796 1077 1015 1123 indemnis,
1039 1079 1075 1117 Sc
1100 1076 1363 1127 periculorum.

77 1146 342 1196 malorumque
367 1143 542 1182 onmium
561 1139 755 1181 hostilium
778 1139 903 1179 exsors
931 1138 1147 1178 haberetur.
1171 1138 1306 1188 Itaque
1323 1151 1362 1177 re

79 1210 282 1261 diligenter
313 1205 520 1246 deliberata
554 1204 711 1244 Senatui
738 1201 959 1253 Populoque
989 1202 1164 1242 Romano
1190 1200 1362 1252 placuit,

77 1287 123 1312 ut
149 1271 261 1312 class'e
291 1277 516 1320 compasta,
546 1279 624 1306 non
651 1275 748 1304 terra
776 1272 949 1312 tantum,
983 1265 1037 1303 uti
1075 1272 1268 1315 coeperat,
1299 1264 1362 1302 di-

82 1337 286 1375 micaretur
319 1346 408 1373 cum
443 1330 597 1379 Poenis,
628 1327 693 1368 sed
723 1328 838 1367 etiam
867 1328 1064 1367 maritimae
1090 1326 1180 1367 aieae
1210 1327 1363 1366 fortuna

80 1404 303 1437 tentaretur.

145 1459 194 1500 Π.
237 1458 334 1499 Haec
356 1455 481 1507 prima
506 1455 689 1495 Roman-ee
716 1452 799 1492 urbi
832 1453 879 1492 de
909 1452 1108 1492 navalibus
1133 1451 1245 1490 rebus
1273 1449 1366 1490 seria

82 1519 267 1572 cogitatio
283 1518 384 1558 fuit;
410 1529 524 1567 quam
544 1515 647 1554 haud
670 1516 797 1553 minus
819 1514 907 1553 forti
924 1512 1104 1563 Felicique
1125 1525 1241 1563 opera
1261 1523 1366 1549 com-

81 1583 225 1635 plevit,
243 1592 287 1620 ac
312 1578 440 1618 animo
467 1577 698 1628 confilioque
723 1577 856 1617 fidenti
878 1576 1114 1627 susceperam
1140 1584 1182 1614 ut
1198 1587 1276 1614 non
1293 1575 1366 1613 im-

83 1643 221 1684 merito
250 1641 507 1693 judicaretur,
535 1639 637 1679 orbis
668 1640 874 1691 imperium
906 1639 1011 1690 genti
1041 1639 1221 1679 Romanae
1249 1635 1366 1676 debe-

34 1718 35 1721 ’
83 1706 144 1755 ri,
172 1704 233 1744 cui
267 1701 446 1743 adversus
473 1701 826 1741 exercitatissimum
851 1702 891 1740 in
924 1714 963 1741 re
995 1701 1146 1740 nautica
1174 1699 1366 1751 populum

86 1766 263 1809 clastibus
286 1764 427 1805 bellare
453 1764 621 1809 volenti,
646 1775 717 1802 nec
740 1764 787 1803 ad
816 1776 894 1802 rem
924 1762 1223 1814 aggrediundam
1253 1761 1368 1800 auda-

88 1828 146 1867 cia
162 1858 174 1874 ‚
193 1839 265 1866 nec
289 1827 337 1866 ad
365 1827 572 1878 regendam
597 1825 786 1875 sollertia,
808 1838 879 1865 nec
904 1827 953 1866 ad
978 1825 1249 1875 perficiendam
1277 1836 1372 1862 con-

86 1890 222 1930 stantia
252 1888 439 1928 defuisset.
487 1888 584 1927 Cum
617 1888 719 1926 enim
754 1888 802 1927 ad
834 1900 919 1927 eam
953 1888 1055 1926 diem
1078 1887 1243 1926 Romani
1271 1885 1370 1924 adeo

41 1981 56 1987 -
93 1951 319 1990 maritimam
338 1948 514 1988 militiam
531 1963 608 1988 non
626 1949 853 1998 attigissent,
873 1958 916 1988 ut
937 1962 1059 1999 neque
1077 1949 1173 1987 viros
1188 1963 1203 1996 ,*
1220 1948 1371 1998 qui‘nu-

87 2011 174 2053 vale
204 2010 385 2062 proelium
416 2010 613 2059 vidissent,
635 2024 759 2061 neque
783 2024 897 2050 naves
921 2010 1015 2050 ullus
1044 2009 1221 2057 bellicas,
1245 2021 1293 2047 ne
1315 2008 1370 2047 fu-

90 2072 358 2114 bricandarum
396 2072 553 2122 quidem
585 2073 745 2112 artifices
773 2073 932 2112 idoneos
966 2073 1174 2121 haberent,
1201 2072 1371 2110 maxima

92 2137 230 2176 fiducia
264 2144 414 2175 tantum
447 2148 544 2186 opus
577 2135 759 2186 aggoessi,
788 2136 1003 2176 brevissimo
1040 2145 1214 2186 tempore
1244 2137 1279 2174 ἃ
1306 2148 1373 2174 na·-

88 2201 217 2250 vigare
240 2205 466 2249 coeperunt,
485 2200 520 2238 Sc
540 2199 770 2238 dimicarunt
795 2199 981 2238 maritima
1007 2211 1134 2250 pugna
1151 2231 1161 2247 ‚
1184 2202 1217 2238 δε
1244 2197 1369 2236 homi-

93 2272 158 2300 nes
181 2273 202 2299 a
226 2258 355 2300 multis
386 2259 560 2298 aetatibus
585 2259 707 2298 rerum
744 2273 873 2299 carum
906 2261 1148 2311 peritissimos
1175 2260 1373 2313 superave-

91 2331 192 2362 runt.
232 2323 329 2362 Cura
354 2321 475 2362 claffis
498 2323 730 2363 fabricandae
759 2325 936 2364 mandata
968 2325 1034 2365 Cn.
1064 2324 1242 2365 Cornelio
1268 2325 1307 2363 L.
1332 2323 1371 2365 F.

95 2385 164 2426 Cn.
189 2385 236 2425 N.
269 2385 438 2435 Scipioni
459 2387 603 2438 Asinae,
629 2389 663 2427 ἃ
688 2388 729 2428 C.
749 2387 878 2428 Duilio
896 2388 953 2443 M.
982 2388 1024 2430 F.
1049 2388 1102 2432 M.
1123 2390 1172 2430 N.
1195 2389 1259 2440 qui
1284 2400 1371 2428 con-

92 2446 255 2489 sulatum
283 2460 414 2487 recens
441 2448 639 2490 iniverunt.

138 2565 162 2611 5
187 2564 212 2601 1.
235 2562 354 2611 Polyb.
379 2565 402 2610 §
426 2565 470 2601 11.
495 2564 595 2601 Oros.
619 2578 659 2609 4,
684 2578 736 2610 17·
