<?xml version="1.0" encoding="UTF-8"?>
<!DOCTYPE html PUBLIC "-//W3C//DTD XHTML 1.0 Transitional//EN"
    "http://www.w3.org/TR/xhtml1/DTD/xhtml1-transitional.dtd">
<html xmlns="http://www.w3.org/1999/xhtml" xml:lang="en" lang="en">
 <head>
  <title>
</title>
<meta http-equiv="Content-Type" content="text/html;charset=utf-8" />
  <meta name='ocr-system' content='tesseract 3.04.00' />
  <meta name='ocr-capabilities' content='ocr_page ocr_carea ocr_par ocr_line ocrx_word'/>
</head>
<body>
  <div class='ocr_page' id='page_1' title='image "./historiarumlibri03livyuoft_0099.png"; bbox 0 0 1701 3008; ppageno 0'>
   <div class='ocr_carea' id='block_1_1' title="bbox 292 212 1364 278">
    <p class='ocr_par' dir='ltr' id='par_1_1' title="bbox 292 212 1364 278">
     <span class='ocr_line' id='line_1_1' title="bbox 292 212 1364 278; baseline -0.005 -13"><span class='ocrx_word' id='word_1_1' title='bbox 292 217 377 265; x_wconf 79' lang='lat' dir='ltr'><strong>IN</strong></span> <span class='ocrx_word' id='word_1_2' title='bbox 422 212 1125 264; x_wconf 73' lang='lat' dir='ltr'><strong>LOC.L113.X1Ltv‚</strong></span> <span class='ocrx_word' id='word_1_3' title='bbox 1304 229 1364 278; x_wconf 84' lang='lat'><strong>91</strong></span> 
     </span>
    </p>
   </div>
   <div class='ocr_carea' id='block_1_2' title="bbox 81 319 1397 1368">
    <p class='ocr_par' dir='ltr' id='par_1_2' title="bbox 81 319 1371 439">
     <span class='ocr_line' id='line_1_2' title="bbox 81 319 1371 376; baseline -0.006 -10"><span class='ocrx_word' id='word_1_4' title='bbox 81 324 293 366; x_wconf 80' lang='lat' dir='ltr'><strong>lentiorum</strong></span> <span class='ocrx_word' id='word_1_5' title='bbox 326 324 375 365; x_wconf 85' lang='lat' dir='ltr'><strong>ad</strong></span> <span class='ocrx_word' id='word_1_6' title='bbox 401 324 655 376; x_wconf 82' lang='lat' dir='ltr'>cupiditatem</span> <span class='ocrx_word' id='word_1_7' title='bbox 679 323 893 375; x_wconf 84' lang='lat' dir='ltr'><strong>potestatis,</strong></span> <span class='ocrx_word' id='word_1_8' title='bbox 923 334 997 372; x_wconf 86' lang='lat' dir='ltr'><strong>qua</strong></span> <span class='ocrx_word' id='word_1_9' title='bbox 1024 321 1080 360; x_wconf 84' lang='lat' dir='ltr'><strong>uti</strong></span> <span class='ocrx_word' id='word_1_10' title='bbox 1104 332 1182 360; x_wconf 82' lang='lat' dir='ltr'><strong>non</strong></span> <span class='ocrx_word' id='word_1_11' title='bbox 1212 319 1371 368; x_wconf 81' lang='lat' dir='ltr'><strong>didicit,</strong></span> 
     </span>
     <span class='ocr_line' id='line_1_3' title="bbox 83 387 424 439; baseline -0.003 -12"><span class='ocrx_word' id='word_1_12' title='bbox 83 388 188 439; x_wconf 85' lang='lat' dir='ltr'><strong>adigi</strong></span> <span class='ocrx_word' id='word_1_13' title='bbox 218 387 424 438; x_wconf 86' lang='lat' dir='ltr'><strong>patiantur.</strong></span> 
     </span>
    </p>

    <p class='ocr_par' dir='ltr' id='par_1_3' title="bbox 81 442 1397 1368">
     <span class='ocr_line' id='line_1_4' title="bbox 139 442 1374 499; baseline -0.007 -9"><span class='ocrx_word' id='word_1_14' title='bbox 139 448 310 489; x_wconf 91' lang='lat' dir='ltr'>XXVII.</span> <span class='ocrx_word' id='word_1_15' title='bbox 348 449 488 499; x_wconf 84' lang='lat' dir='ltr'><strong>Legem</strong></span> <span class='ocrx_word' id='word_1_16' title='bbox 519 456 670 496; x_wconf 88' lang='lat' dir='ltr'><strong>quoque</strong></span> <span class='ocrx_word' id='word_1_17' title='bbox 702 444 751 483; x_wconf 87' lang='lat' dir='ltr'><strong>de</strong></span> <span class='ocrx_word' id='word_1_18' title='bbox 780 443 964 494; x_wconf 81' lang='lat' dir='ltr'><strong>suffragiis</strong></span> <span class='ocrx_word' id='word_1_19' title='bbox 991 445 1136 483; x_wconf 89' lang='lat' dir='ltr'><strong>circum</strong></span> <span class='ocrx_word' id='word_1_20' title='bbox 1166 442 1248 483; x_wconf 83' lang='lat' dir='ltr'><strong>haec</strong></span> <span class='ocrx_word' id='word_1_21' title='bbox 1277 452 1374 482; x_wconf 85' lang='lat' dir='ltr'><strong>tem-</strong></span> 
     </span>
     <span class='ocr_line' id='line_1_5' title="bbox 85 505 1375 562; baseline -0.006 -12"><span class='ocrx_word' id='word_1_22' title='bbox 85 524 182 562; x_wconf 79' lang='lat' dir='ltr'><strong>pora</strong></span> <span class='ocrx_word' id='word_1_23' title='bbox 208 510 326 550; x_wconf 83' lang='lat' dir='ltr'><strong>latam</strong></span> <span class='ocrx_word' id='word_1_24' title='bbox 348 509 422 549; x_wconf 79' lang='lat' dir='ltr'><strong>effe</strong></span> <span class='ocrx_word' id='word_1_25' title='bbox 445 508 694 553; x_wconf 81' lang='lat' dir='ltr'><strong>crediderim,</strong></span> <span class='ocrx_word' id='word_1_26' title='bbox 722 518 795 556; x_wconf 86' lang='lat' dir='ltr'><strong>qua</strong></span> <span class='ocrx_word' id='word_1_27' title='bbox 816 506 942 545; x_wconf 72' lang='lat' dir='ltr'><strong>Patres</strong></span> <span class='ocrx_word' id='word_1_28' title='bbox 970 507 1010 545; x_wconf 88' lang='lat' dir='ltr'><strong>in</strong></span> <span class='ocrx_word' id='word_1_29' title='bbox 1044 505 1289 545; x_wconf 88' lang='lat' dir='ltr'><strong>comitiorum</strong></span> <span class='ocrx_word' id='word_1_30' title='bbox 1319 507 1375 543; x_wconf 87' lang='lat' dir='ltr'><strong>in-</strong></span> 
     </span>
     <span class='ocr_line' id='line_1_6' title="bbox 85 567 1375 620; baseline -0.006 -7"><span class='ocrx_word' id='word_1_31' title='bbox 85 582 239 613; x_wconf 80' lang='lat' dir='ltr'><strong>certum</strong></span> <span class='ocrx_word' id='word_1_32' title='bbox 263 581 445 612; x_wconf 86' lang='lat' dir='ltr'><strong>eventum</strong></span> <span class='ocrx_word' id='word_1_33' title='bbox 470 572 642 610; x_wconf 68' lang='lat' dir='ltr'><strong>auctores</strong></span> <span class='ocrx_word' id='word_1_34' title='bbox 669 567 749 606; x_wconf 83' lang='lat' dir='ltr'><strong>fieri</strong></span> <span class='ocrx_word' id='word_1_35' title='bbox 775 567 1025 620; x_wconf 87' lang='lat' dir='ltr'><strong>cogebantur.</strong></span> <span class='ocrx_word' id='word_1_36' title='bbox 1056 569 1249 608; x_wconf 71' lang='lat' dir='ltr'><strong>Hactenus</strong></span> <span class='ocrx_word' id='word_1_37' title='bbox 1271 567 1375 606; x_wconf 77' lang='lat' dir='ltr'><strong>enirn</strong></span> 
     </span>
     <span class='ocr_line' id='line_1_7' title="bbox 89 627 1376 684; baseline -0.007 -9"><span class='ocrx_word' id='word_1_38' title='bbox 89 648 138 674; x_wconf 84' lang='lat' dir='ltr'><strong>eo</strong></span> <span class='ocrx_word' id='word_1_39' title='bbox 163 637 247 684; x_wconf 88' lang='lat' dir='ltr'><strong>jure</strong></span> <span class='ocrx_word' id='word_1_40' title='bbox 268 633 496 679; x_wconf 85' lang='lat' dir='ltr'><strong>utebantur,</strong></span> <span class='ocrx_word' id='word_1_41' title='bbox 522 631 579 669; x_wconf 86' lang='lat' dir='ltr'><strong>uti</strong></span> <span class='ocrx_word' id='word_1_42' title='bbox 606 629 867 680; x_wconf 84' lang='lat' dir='ltr'><strong>magistratum</strong></span> <span class='ocrx_word' id='word_1_43' title='bbox 897 642 1023 680; x_wconf 83' lang='lat' dir='ltr'>gerere</span> <span class='ocrx_word' id='word_1_44' title='bbox 1048 643 1124 668; x_wconf 89' lang='lat' dir='ltr'><strong>non</strong></span> <span class='ocrx_word' id='word_1_45' title='bbox 1145 629 1290 679; x_wconf 81' lang='lat' dir='ltr'><strong>poll&#39;ct,</strong></span> <span class='ocrx_word' id='word_1_46' title='bbox 1312 627 1376 666; x_wconf 80' lang='lat' dir='ltr'><strong>cui</strong></span> 
     </span>
     <span class='ocr_line' id='line_1_8' title="bbox 87 689 1377 749; baseline -0.006 -13"><span class='ocrx_word' id='word_1_47' title='bbox 87 696 226 749; x_wconf 83' lang='lat' dir='ltr'><strong>populi</strong></span> <span class='ocrx_word' id='word_1_48' title='bbox 258 695 444 745; x_wconf 82' lang='lat' dir='ltr'><strong>suffragiis</strong></span> <span class='ocrx_word' id='word_1_49' title='bbox 478 694 590 732; x_wconf 88' lang='lat' dir='ltr'><strong>datus</strong></span> <span class='ocrx_word' id='word_1_50' title='bbox 619 691 734 740; x_wconf 73' lang='lat' dir='ltr'><strong>estet,</strong></span> <span class='ocrx_word' id='word_1_51' title='bbox 762 690 829 730; x_wconf 89' lang='lat' dir='ltr'><strong>nifi</strong></span> <span class='ocrx_word' id='word_1_52' title='bbox 862 691 986 730; x_wconf 87' lang='lat' dir='ltr'><strong>Patres</strong></span> <span class='ocrx_word' id='word_1_53' title='bbox 1019 694 1192 730; x_wconf 64' lang='lat' dir='ltr'><strong>auctores</strong></span> <span class='ocrx_word' id='word_1_54' title='bbox 1224 689 1377 729; x_wconf 65' lang='lat' dir='ltr'><strong>fuitsent</strong></span> 
     </span>
     <span class='ocr_line' id='line_1_9' title="bbox 85 752 1378 804; baseline -0.005 -6"><span class='ocrx_word' id='word_1_55' title='bbox 85 758 193 798; x_wconf 71' lang='lat' dir='ltr'><strong>faeti.</strong></span> <span class='ocrx_word' id='word_1_56' title='bbox 230 756 535 797; x_wconf 88' lang='lat' dir='ltr'><strong>Continebantur</strong></span> <span class='ocrx_word' id='word_1_57' title='bbox 562 755 758 794; x_wconf 88' lang='lat' dir='ltr'><strong>interdum</strong></span> <span class='ocrx_word' id='word_1_58' title='bbox 782 754 860 794; x_wconf 89' lang='lat' dir='ltr'><strong>hoc</strong></span> <span class='ocrx_word' id='word_1_59' title='bbox 882 753 1035 793; x_wconf 88' lang='lat' dir='ltr'><strong>vinculo</strong></span> <span class='ocrx_word' id='word_1_60' title='bbox 1061 753 1276 804; x_wconf 87' lang='lat' dir='ltr'><strong>improvida</strong></span> <span class='ocrx_word' id='word_1_61' title='bbox 1298 752 1378 803; x_wconf 83' lang='lat' dir='ltr'><strong>ple-</strong></span> 
     </span>
     <span class='ocr_line' id='line_1_10' title="bbox 90 816 1378 870; baseline -0.005 -10"><span class='ocrx_word' id='word_1_62' title='bbox 90 821 151 861; x_wconf 86' lang='lat' dir='ltr'><strong>bis</strong></span> <span class='ocrx_word' id='word_1_63' title='bbox 175 820 321 869; x_wconf 85' lang='lat' dir='ltr'><strong>studia,</strong></span> <span class='ocrx_word' id='word_1_64' title='bbox 349 818 631 870; x_wconf 84' lang='lat' dir='ltr'><strong>&amp;quanquam</strong></span> <span class='ocrx_word' id='word_1_65' title='bbox 655 831 739 857; x_wconf 85' lang='lat' dir='ltr'><strong>raro</strong></span> <span class='ocrx_word' id='word_1_66' title='bbox 770 817 1094 869; x_wconf 84' lang='lat' dir='ltr'><strong>reprehenderent</strong></span> <span class='ocrx_word' id='word_1_67' title='bbox 1131 817 1286 855; x_wconf 82' lang='lat' dir='ltr'><strong>comitia</strong></span> <span class='ocrx_word' id='word_1_68' title='bbox 1311 816 1378 855; x_wconf 85' lang='lat' dir='ltr'><strong>Pa-</strong></span> 
     </span>
     <span class='ocr_line' id='line_1_11' title="bbox 90 878 1382 932; baseline -0.005 -10"><span class='ocrx_word' id='word_1_69' title='bbox 90 892 190 930; x_wconf 87' lang='lat' dir='ltr'><strong>tres,</strong></span> <span class='ocrx_word' id='word_1_70' title='bbox 216 892 349 921; x_wconf 84' lang='lat' dir='ltr'><strong>tamen</strong></span> <span class='ocrx_word' id='word_1_71' title='bbox 373 882 461 932; x_wconf 86' lang='lat' dir='ltr'><strong>quia</strong></span> <span class='ocrx_word' id='word_1_72' title='bbox 483 884 542 931; x_wconf 84' lang='lat' dir='ltr'><strong>jus</strong></span> <span class='ocrx_word' id='word_1_73' title='bbox 565 881 651 931; x_wconf 78' lang='lat' dir='ltr'><strong>ipsis</strong></span> <span class='ocrx_word' id='word_1_74' title='bbox 679 888 780 929; x_wconf 86' lang='lat' dir='ltr'><strong>erat,</strong></span> <span class='ocrx_word' id='word_1_75' title='bbox 802 888 988 931; x_wconf 83' lang='lat' dir='ltr'>tanquam</span> <span class='ocrx_word' id='word_1_76' title='bbox 1019 878 1280 930; x_wconf 65' lang='lat' dir='ltr'><strong>reprehensuri</strong></span> <span class='ocrx_word' id='word_1_77' title='bbox 1300 891 1382 916; x_wconf 87' lang='lat' dir='ltr'><strong>me-</strong></span> 
     </span>
     <span class='ocr_line' id='line_1_12' title="bbox 91 939 1381 994; baseline -0.005 -10"><span class='ocrx_word' id='word_1_78' title='bbox 91 945 313 985; x_wconf 83' lang='lat' dir='ltr'><strong>tuebantur.</strong></span> <span class='ocrx_word' id='word_1_79' title='bbox 342 945 444 984; x_wconf 87' lang='lat' dir='ltr'><strong>Tum</strong></span> <span class='ocrx_word' id='word_1_80' title='bbox 465 957 554 983; x_wconf 90' lang='lat' dir='ltr'><strong>vero</strong></span> <span class='ocrx_word' id='word_1_81' title='bbox 581 943 728 981; x_wconf 86' lang='lat' dir='ltr'><strong>ferente</strong></span> <span class='ocrx_word' id='word_1_82' title='bbox 748 942 873 994; x_wconf 84' lang='lat' dir='ltr'><strong>legem</strong></span> <span class='ocrx_word' id='word_1_83' title='bbox 896 942 1049 981; x_wconf 88' lang='lat' dir='ltr'><strong>tribuno</strong></span> <span class='ocrx_word' id='word_1_84' title='bbox 1070 941 1191 992; x_wconf 71' lang='lat' dir='ltr'><strong>plebis</strong></span> <span class='ocrx_word' id='word_1_85' title='bbox 1212 939 1381 987; x_wconf 74' lang='lat' dir='ltr'><strong>Maenio,</strong></span> 
     </span>
     <span class='ocr_line' id='line_1_13' title="bbox 90 999 1382 1058; baseline -0.005 -13"><span class='ocrx_word' id='word_1_86' title='bbox 90 1005 230 1058; x_wconf 83' lang='lat' dir='ltr'><strong>populi</strong></span> <span class='ocrx_word' id='word_1_87' title='bbox 257 1005 414 1057; x_wconf 86' lang='lat' dir='ltr'><strong>quidem</strong></span> <span class='ocrx_word' id='word_1_88' title='bbox 449 1008 560 1045; x_wconf 70' lang='lat' dir='ltr'><strong>aucta</strong></span> <span class='ocrx_word' id='word_1_89' title='bbox 589 1004 784 1056; x_wconf 87' lang='lat' dir='ltr'><strong>potestas;</strong></span> <span class='ocrx_word' id='word_1_90' title='bbox 822 1003 888 1043; x_wconf 87' lang='lat' dir='ltr'><strong>sed</strong></span> <span class='ocrx_word' id='word_1_91' title='bbox 917 1004 1053 1042; x_wconf 84' lang='lat' dir='ltr'><strong>eadem</strong></span> <span class='ocrx_word' id='word_1_92' title='bbox 1081 1015 1197 1053; x_wconf 83' lang='lat' dir='ltr'><strong>opera</strong></span> <span class='ocrx_word' id='word_1_93' title='bbox 1225 999 1382 1039; x_wconf 78' lang='lat' dir='ltr'><strong>salubris</strong></span> 
     </span>
     <span class='ocr_line' id='line_1_14' title="bbox 81 1062 1381 1120; baseline -0.007 -11"><span class='ocrx_word' id='word_1_94' title='bbox 81 1071 135 1110; x_wconf 50' lang='lat'><strong>⁴&amp;</strong></span> <span class='ocrx_word' id='word_1_95' title='bbox 170 1068 391 1120; x_wconf 63' lang='lat' dir='ltr'><strong>reipublicae</strong></span> <span class='ocrx_word' id='word_1_96' title='bbox 421 1069 560 1108; x_wconf 86' lang='lat' dir='ltr'><strong>decora</strong></span> <span class='ocrx_word' id='word_1_97' title='bbox 589 1068 839 1107; x_wconf 87' lang='lat' dir='ltr'><strong>comitiorum</strong></span> <span class='ocrx_word' id='word_1_98' title='bbox 872 1066 1047 1105; x_wconf 84' lang='lat' dir='ltr'><strong>severitas</strong></span> <span class='ocrx_word' id='word_1_99' title='bbox 1089 1063 1288 1104; x_wconf 78' lang='lat' dir='ltr'><strong>debilitata</strong></span> <span class='ocrx_word' id='word_1_100' title='bbox 1317 1062 1381 1101; x_wconf 87' lang='lat' dir='ltr'><strong>est.</strong></span> 
     </span>
     <span class='ocr_line' id='line_1_15' title="bbox 95 1124 1385 1181; baseline -0.006 -10"><span class='ocrx_word' id='word_1_101' title='bbox 95 1131 149 1181; x_wconf 85' lang='lat' dir='ltr'><strong>Q.</strong></span> <span class='ocrx_word' id='word_1_102' title='bbox 181 1130 385 1171; x_wconf 85' lang='lat' dir='ltr'><strong>Hortenfio</strong></span> <span class='ocrx_word' id='word_1_103' title='bbox 421 1131 604 1170; x_wconf 54' lang='lat' dir='ltr'><strong>dictatore</strong></span> <span class='ocrx_word' id='word_1_104' title='bbox 640 1137 817 1177; x_wconf 88' lang='lat' dir='ltr'><strong>mortuo,</strong></span> <span class='ocrx_word' id='word_1_105' title='bbox 850 1136 1021 1167; x_wconf 83' lang='lat' dir='ltr'><strong>creatum</strong></span> <span class='ocrx_word' id='word_1_106' title='bbox 1053 1126 1170 1167; x_wconf 83' lang='lat' dir='ltr'><strong>alium</strong></span> <span class='ocrx_word' id='word_1_107' title='bbox 1189 1155 1202 1171; x_wconf 88' lang='lat'><strong>,</strong></span> <span class='ocrx_word' id='word_1_108' title='bbox 1227 1124 1385 1175; x_wconf 85' lang='lat' dir='ltr'><strong>quidam</strong></span> 
     </span>
     <span class='ocr_line' id='line_1_16' title="bbox 91 1188 1385 1244; baseline -0.007 -11"><span class='ocrx_word' id='word_1_109' title='bbox 91 1197 269 1233; x_wconf 54' lang='lat' dir='ltr'><strong>aut—“tores</strong></span> <span class='ocrx_word' id='word_1_110' title='bbox 305 1193 414 1242; x_wconf 88' lang='lat' dir='ltr'><strong>sunt,</strong></span> <span class='ocrx_word' id='word_1_111' title='bbox 440 1193 494 1232; x_wconf 87' lang='lat' dir='ltr'><strong>rei</strong></span> <span class='ocrx_word' id='word_1_112' title='bbox 524 1193 699 1244; x_wconf 67' lang='lat' dir='ltr'><strong>gerendae</strong></span> <span class='ocrx_word' id='word_1_113' title='bbox 727 1191 859 1240; x_wconf 82' lang='lat' dir='ltr'><strong>causa,</strong></span> <span class='ocrx_word' id='word_1_114' title='bbox 888 1192 937 1242; x_wconf 80' lang='lat' dir='ltr'><strong>Q.</strong></span> <span class='ocrx_word' id='word_1_115' title='bbox 955 1189 1118 1230; x_wconf 87' lang='lat' dir='ltr'><strong>Fabium</strong></span> <span class='ocrx_word' id='word_1_116' title='bbox 1142 1188 1385 1234; x_wconf 75' lang='lat' dir='ltr'><strong>Maximum,</strong></span> 
     </span>
     <span class='ocr_line' id='line_1_17' title="bbox 95 1248 1383 1305; baseline -0.004 -12"><span class='ocrx_word' id='word_1_117' title='bbox 95 1257 208 1305; x_wconf 87' lang='lat' dir='ltr'><strong>cujus</strong></span> <span class='ocrx_word' id='word_1_118' title='bbox 237 1256 346 1295; x_wconf 87' lang='lat' dir='ltr'><strong>tertia</strong></span> <span class='ocrx_word' id='word_1_119' title='bbox 378 1254 462 1294; x_wconf 83' lang='lat' dir='ltr'><strong>haee</strong></span> <span class='ocrx_word' id='word_1_120' title='bbox 495 1255 682 1295; x_wconf 67' lang='lat' dir='ltr'><strong>distatura</strong></span> <span class='ocrx_word' id='word_1_121' title='bbox 712 1254 838 1293; x_wconf 82' lang='lat' dir='ltr'><strong>fuerit.</strong></span> <span class='ocrx_word' id='word_1_122' title='bbox 872 1253 906 1291; x_wconf 90' lang='lat' dir='ltr'><strong>ei</strong></span> <span class='ocrx_word' id='word_1_123' title='bbox 941 1253 985 1294; x_wconf 85' lang='lat' dir='ltr'><strong>L.</strong></span> <span class='ocrx_word' id='word_1_124' title='bbox 1015 1250 1242 1290; x_wconf 74' lang='lat' dir='ltr'><strong>Volumnius</strong></span> <span class='ocrx_word' id='word_1_125' title='bbox 1268 1250 1310 1289; x_wconf 85' lang='lat' dir='ltr'><strong>C.</strong></span> <span class='ocrx_word' id='word_1_126' title='bbox 1339 1248 1383 1289; x_wconf 89' lang='lat' dir='ltr'><strong>F.</strong></span> 
     </span>
     <span class='ocr_line' id='line_1_18' title="bbox 95 1313 1397 1368; baseline -0.007 -9"><span class='ocrx_word' id='word_1_127' title='bbox 95 1317 140 1359; x_wconf 94' lang='lat' dir='ltr'><strong>C.</strong></span> <span class='ocrx_word' id='word_1_128' title='bbox 170 1320 219 1359; x_wconf 93' lang='lat' dir='ltr'><strong>N.</strong></span> <span class='ocrx_word' id='word_1_129' title='bbox 250 1318 426 1359; x_wconf 82' lang='lat' dir='ltr'><strong>Flamma</strong></span> <span class='ocrx_word' id='word_1_130' title='bbox 448 1318 603 1357; x_wconf 86' lang='lat' dir='ltr'><strong>Violens</strong></span> <span class='ocrx_word' id='word_1_131' title='bbox 628 1317 801 1368; x_wconf 80' lang='lat' dir='ltr'><strong>magister</strong></span> <span class='ocrx_word' id='word_1_132' title='bbox 829 1316 998 1367; x_wconf 87' lang='lat' dir='ltr'><strong>equitum</strong></span> <span class='ocrx_word' id='word_1_133' title='bbox 1025 1313 1134 1353; x_wconf 80' lang='lat' dir='ltr'><strong>fuisse</strong></span> <span class='ocrx_word' id='word_1_134' title='bbox 1164 1313 1317 1352; x_wconf 84' lang='lat' dir='ltr'><strong>dicitur.</strong></span> <span class='ocrx_word' id='word_1_135' title='bbox 1367 1343 1369 1347; x_wconf 20' lang='grc' dir='ltr'><em>Α</em></span> <span class='ocrx_word' id='word_1_136' title='bbox 1394 1357 1397 1359; x_wconf 9' lang='grc' dir='ltr'>μ</span> 
     </span>
    </p>
   </div>
   <div class='ocr_carea' id='block_1_3' title="bbox 95 1381 1397 2373">
    <p class='ocr_par' dir='ltr' id='par_1_4' title="bbox 95 1381 1397 2373">
     <span class='ocr_line' id='line_1_19' title="bbox 151 1381 1386 1438; baseline -0.008 -6"><span class='ocrx_word' id='word_1_137' title='bbox 151 1391 340 1432; x_wconf 87' lang='lat' dir='ltr'>XXVIII.</span> <span class='ocrx_word' id='word_1_138' title='bbox 367 1390 517 1431; x_wconf 90' lang='lat' dir='ltr'><strong>Bellum</strong></span> <span class='ocrx_word' id='word_1_139' title='bbox 541 1390 645 1429; x_wconf 89' lang='lat' dir='ltr'><strong>enim</strong></span> <span class='ocrx_word' id='word_1_140' title='bbox 668 1402 712 1428; x_wconf 89' lang='lat' dir='ltr'><strong>ea</strong></span> <span class='ocrx_word' id='word_1_141' title='bbox 736 1387 959 1438; x_wconf 87' lang='lat' dir='ltr'><strong>tempestate</strong></span> <span class='ocrx_word' id='word_1_142' title='bbox 984 1398 1073 1424; x_wconf 90' lang='lat' dir='ltr'><strong>cum</strong></span> <span class='ocrx_word' id='word_1_143' title='bbox 1093 1386 1123 1423; x_wconf 88' lang='lat' dir='ltr'><strong>V</strong></span> <span class='ocrx_word' id='word_1_144' title='bbox 1128 1381 1386 1423; x_wconf 77' lang='lat' dir='ltr'><strong>olfinieniibus</strong></span> 
     </span>
     <span class='ocr_line' id='line_1_20' title="bbox 95 1447 1386 1505; baseline -0.009 -11"><span class='ocrx_word' id='word_1_145' title='bbox 95 1462 177 1494; x_wconf 85' lang='lat' dir='ltr'><strong>erat</strong></span> <span class='ocrx_word' id='word_1_146' title='bbox 197 1453 352 1494; x_wconf 84' lang='lat' dir='ltr'><strong>Etrusca</strong></span> <span class='ocrx_word' id='word_1_147' title='bbox 379 1462 517 1505; x_wconf 88' lang='lat' dir='ltr'><strong>gente:</strong></span> <span class='ocrx_word' id='word_1_148' title='bbox 542 1453 581 1493; x_wconf 89' lang='lat' dir='ltr'><strong>id</strong></span> <span class='ocrx_word' id='word_1_149' title='bbox 605 1461 868 1504; x_wconf 85' lang='lat' dir='ltr'><strong>opportunum</strong></span> <span class='ocrx_word' id='word_1_150' title='bbox 889 1451 984 1499; x_wconf 88' lang='lat' dir='ltr'><strong>fuit,</strong></span> <span class='ocrx_word' id='word_1_151' title='bbox 1001 1450 1050 1489; x_wconf 82' lang='lat' dir='ltr'><strong>ad</strong></span> <span class='ocrx_word' id='word_1_152' title='bbox 1071 1447 1386 1492; x_wconf 76' lang='lat' dir='ltr'><strong>exhauriendum,</strong></span> 
     </span>
     <span class='ocr_line' id='line_1_21' title="bbox 98 1506 1389 1568; baseline -0.009 -12"><span class='ocrx_word' id='word_1_153' title='bbox 98 1517 292 1568; x_wconf 79' lang='lat' dir='ltr'><strong>quidquid</strong></span> <span class='ocrx_word' id='word_1_154' title='bbox 318 1518 359 1555; x_wconf 85' lang='lat' dir='ltr'><strong>in</strong></span> <span class='ocrx_word' id='word_1_155' title='bbox 382 1516 478 1556; x_wconf 90' lang='lat' dir='ltr'><strong>urbe</strong></span> <span class='ocrx_word' id='word_1_156' title='bbox 510 1516 620 1555; x_wconf 89' lang='lat' dir='ltr'><strong>novis</strong></span> <span class='ocrx_word' id='word_1_157' title='bbox 654 1514 768 1554; x_wconf 88' lang='lat' dir='ltr'><strong>rebus</strong></span> <span class='ocrx_word' id='word_1_158' title='bbox 796 1525 990 1564; x_wconf 84' lang='lat' dir='ltr'><strong>pronum,</strong></span> <span class='ocrx_word' id='word_1_159' title='bbox 1018 1523 1062 1550; x_wconf 86' lang='lat' dir='ltr'><strong>ac</strong></span> <span class='ocrx_word' id='word_1_160' title='bbox 1091 1507 1294 1560; x_wconf 85' lang='lat' dir='ltr'><strong>superioris</strong></span> <span class='ocrx_word' id='word_1_161' title='bbox 1323 1506 1389 1545; x_wconf 86' lang='lat' dir='ltr'><strong>di-</strong></span> 
     </span>
     <span class='ocr_line' id='line_1_22' title="bbox 96 1567 1388 1618; baseline -0.009 0"><span class='ocrx_word' id='word_1_162' title='bbox 96 1578 256 1618; x_wconf 84' lang='lat' dir='ltr'><strong>scordiae</strong></span> <span class='ocrx_word' id='word_1_163' title='bbox 285 1577 449 1618; x_wconf 84' lang='lat' dir='ltr'><strong>nimium</strong></span> <span class='ocrx_word' id='word_1_164' title='bbox 476 1591 626 1617; x_wconf 87' lang='lat' dir='ltr'><strong>memor</strong></span> <span class='ocrx_word' id='word_1_165' title='bbox 653 1576 755 1616; x_wconf 79' lang='lat' dir='ltr'><strong>effet.</strong></span> <span class='ocrx_word' id='word_1_166' title='bbox 788 1574 949 1615; x_wconf 82' lang='lat' dir='ltr'><strong>Accessit</strong></span> <span class='ocrx_word' id='word_1_167' title='bbox 973 1574 1091 1613; x_wconf 78' lang='lat' dir='ltr'><strong>etiam</strong></span> <span class='ocrx_word' id='word_1_168' title='bbox 1118 1583 1217 1610; x_wconf 88' lang='lat' dir='ltr'><strong>nova</strong></span> <span class='ocrx_word' id='word_1_169' title='bbox 1244 1567 1388 1608; x_wconf 84' lang='lat' dir='ltr'><strong>bellan-</strong></span> 
     </span>
     <span class='ocr_line' id='line_1_23' title="bbox 99 1634 1387 1690; baseline -0.009 -9"><span class='ocrx_word' id='word_1_170' title='bbox 99 1641 139 1680; x_wconf 86' lang='lat' dir='ltr'><strong>di</strong></span> <span class='ocrx_word' id='word_1_171' title='bbox 169 1653 259 1680; x_wconf 89' lang='lat' dir='ltr'><strong>cum</strong></span> <span class='ocrx_word' id='word_1_172' title='bbox 287 1639 448 1680; x_wconf 86' lang='lat' dir='ltr'><strong>Lucanis</strong></span> <span class='ocrx_word' id='word_1_173' title='bbox 477 1639 611 1679; x_wconf 86' lang='lat' dir='ltr'><strong>causa:</strong></span> <span class='ocrx_word' id='word_1_174' title='bbox 638 1638 702 1690; x_wconf 90' lang='lat' dir='ltr'><strong>qui</strong></span> <span class='ocrx_word' id='word_1_175' title='bbox 729 1637 948 1685; x_wconf 84' lang='lat' dir='ltr'><strong>Thurinos,</strong></span> <span class='ocrx_word' id='word_1_176' title='bbox 976 1634 1094 1675; x_wconf 66' lang='lat' dir='ltr'><strong>Italiae</strong></span> <span class='ocrx_word' id='word_1_177' title='bbox 1112 1665 1123 1682; x_wconf 92' lang='lat'><strong>‚</strong></span> <span class='ocrx_word' id='word_1_178' title='bbox 1147 1645 1222 1684; x_wconf 85' lang='lat' dir='ltr'><strong>qua</strong></span> <span class='ocrx_word' id='word_1_179' title='bbox 1247 1644 1387 1682; x_wconf 82' lang='lat' dir='ltr'><strong>magna</strong></span> 
     </span>
     <span class='ocr_line' id='line_1_24' title="bbox 102 1693 1392 1752; baseline -0.007 -11"><span class='ocrx_word' id='word_1_180' title='bbox 102 1703 247 1742; x_wconf 80' lang='lat' dir='ltr'><strong>Graecia</strong></span> <span class='ocrx_word' id='word_1_181' title='bbox 267 1702 344 1750; x_wconf 89' lang='lat' dir='ltr'><strong>est,</strong></span> <span class='ocrx_word' id='word_1_182' title='bbox 367 1703 564 1742; x_wconf 86' lang='lat' dir='ltr'><strong>civitatem</strong></span> <span class='ocrx_word' id='word_1_183' title='bbox 580 1732 590 1750; x_wconf 86' lang='lat'><strong>,</strong></span> <span class='ocrx_word' id='word_1_184' title='bbox 611 1713 821 1752; x_wconf 83' lang='lat' dir='ltr'><strong>praegraves</strong></span> <span class='ocrx_word' id='word_1_185' title='bbox 846 1698 986 1738; x_wconf 79' lang='lat' dir='ltr'><strong>accolae</strong></span> <span class='ocrx_word' id='word_1_186' title='bbox 1016 1695 1147 1737; x_wconf 79' lang='lat' dir='ltr'><strong>multis</strong></span> <span class='ocrx_word' id='word_1_187' title='bbox 1169 1694 1315 1744; x_wconf 87' lang='lat' dir='ltr'><strong>injuriis</strong></span> <span class='ocrx_word' id='word_1_188' title='bbox 1339 1693 1392 1733; x_wconf 83' lang='lat' dir='ltr'><strong>ad</strong></span> 
     </span>
     <span class='ocr_line' id='line_1_25' title="bbox 100 1757 1394 1814; baseline -0.007 -11"><span class='ocrx_word' id='word_1_189' title='bbox 100 1763 220 1803; x_wconf 83' lang='lat' dir='ltr'><strong>fidem</strong></span> <span class='ocrx_word' id='word_1_190' title='bbox 239 1764 503 1807; x_wconf 89' lang='lat' dir='ltr'><strong>Romanorum</strong></span> <span class='ocrx_word' id='word_1_191' title='bbox 529 1763 739 1814; x_wconf 83' lang='lat' dir='ltr'><strong>confugere</strong></span> <span class='ocrx_word' id='word_1_192' title='bbox 765 1760 1056 1812; x_wconf 82' lang='lat' dir='ltr'><strong>compulerant:</strong></span> <span class='ocrx_word' id='word_1_193' title='bbox 1083 1757 1305 1807; x_wconf 85' lang='lat' dir='ltr'><strong>bellumque</strong></span> <span class='ocrx_word' id='word_1_194' title='bbox 1325 1757 1394 1795; x_wconf 87' lang='lat' dir='ltr'><strong>ad-</strong></span> 
     </span>
     <span class='ocr_line' id='line_1_26' title="bbox 99 1818 1393 1874; baseline -0.006 -9"><span class='ocrx_word' id='word_1_195' title='bbox 99 1825 229 1865; x_wconf 76' lang='lat' dir='ltr'><strong>versus</strong></span> <span class='ocrx_word' id='word_1_196' title='bbox 266 1826 441 1867; x_wconf 85' lang='lat' dir='ltr'><strong>Lucanos</strong></span> <span class='ocrx_word' id='word_1_197' title='bbox 473 1825 515 1866; x_wconf 90' lang='lat' dir='ltr'><strong>C.</strong></span> <span class='ocrx_word' id='word_1_198' title='bbox 548 1825 648 1866; x_wconf 72' lang='lat' dir='ltr'><strong>ffiiio</strong></span> <span class='ocrx_word' id='word_1_199' title='bbox 682 1824 837 1864; x_wconf 88' lang='lat' dir='ltr'><strong>tribuno</strong></span> <span class='ocrx_word' id='word_1_200' title='bbox 877 1823 999 1874; x_wconf 87' lang='lat' dir='ltr'><strong>plebis</strong></span> <span class='ocrx_word' id='word_1_201' title='bbox 1035 1828 1193 1873; x_wconf 84' lang='lat' dir='ltr'><strong>rogante</strong></span> <span class='ocrx_word' id='word_1_202' title='bbox 1226 1818 1393 1870; x_wconf 87' lang='lat' dir='ltr'><strong>populus</strong></span> 
     </span>
     <span class='ocr_line' id='line_1_27' title="bbox 101 1880 1392 1936; baseline -0.005 -12"><span class='ocrx_word' id='word_1_203' title='bbox 101 1884 278 1925; x_wconf 84' lang='lat' dir='ltr'><strong>sciverat.</strong></span> <span class='ocrx_word' id='word_1_204' title='bbox 322 1886 459 1926; x_wconf 71' lang='lat' dir='ltr'><strong>Eduffl</strong></span> <span class='ocrx_word' id='word_1_205' title='bbox 497 1886 614 1936; x_wconf 87' lang='lat' dir='ltr'><strong>igitur</strong></span> <span class='ocrx_word' id='word_1_206' title='bbox 647 1887 859 1933; x_wconf 83' lang='lat' dir='ltr'><strong>exercitus,</strong></span> <span class='ocrx_word' id='word_1_207' title='bbox 891 1887 927 1926; x_wconf 60' lang='grc' dir='ltr'><strong>ἃ</strong></span> <span class='ocrx_word' id='word_1_208' title='bbox 963 1883 1166 1933; x_wconf 84' lang='lat' dir='ltr'><strong>utrobique</strong></span> <span class='ocrx_word' id='word_1_209' title='bbox 1197 1894 1256 1920; x_wconf 89' lang='lat' dir='ltr'><strong>res</strong></span> <span class='ocrx_word' id='word_1_210' title='bbox 1282 1880 1392 1930; x_wconf 74' lang='lat' dir='ltr'><strong>gestae</strong></span> 
     </span>
     <span class='ocr_line' id='line_1_28' title="bbox 103 1942 1393 1998; baseline -0.005 -11"><span class='ocrx_word' id='word_1_211' title='bbox 103 1947 215 1996; x_wconf 81' lang='lat' dir='ltr'><strong>sunt,</strong></span> <span class='ocrx_word' id='word_1_212' title='bbox 236 1960 396 1998; x_wconf 89' lang='lat' dir='ltr'><strong>quarum</strong></span> <span class='ocrx_word' id='word_1_213' title='bbox 419 1948 627 1996; x_wconf 80' lang='lat' dir='ltr'><strong>memoria,</strong></span> <span class='ocrx_word' id='word_1_214' title='bbox 652 1950 979 1998; x_wconf 42' lang='lat' dir='ltr'><strong>cunrauetorum,</strong></span> <span class='ocrx_word' id='word_1_215' title='bbox 997 1947 1061 1995; x_wconf 79' lang='lat' dir='ltr'><strong>qui</strong></span> <span class='ocrx_word' id='word_1_216' title='bbox 1085 1959 1147 1984; x_wconf 83' lang='lat' dir='ltr'><strong>eas</strong></span> <span class='ocrx_word' id='word_1_217' title='bbox 1171 1942 1393 1994; x_wconf 79' lang='lat' dir='ltr'><strong>perscripse-</strong></span> 
     </span>
     <span class='ocr_line' id='line_1_29' title="bbox 103 2007 1395 2057; baseline -0.004 -9"><span class='ocrx_word' id='word_1_218' title='bbox 103 2018 212 2057; x_wconf 82' lang='lat' dir='ltr'><strong>rant,</strong></span> <span class='ocrx_word' id='word_1_219' title='bbox 231 2009 455 2056; x_wconf 78' lang='lat' dir='ltr'><strong>annalibus,</strong></span> <span class='ocrx_word' id='word_1_220' title='bbox 471 2009 600 2048; x_wconf 76' lang='lat' dir='ltr'><strong>amisl&#39;a</strong></span> <span class='ocrx_word' id='word_1_221' title='bbox 624 2009 688 2048; x_wconf 90' lang='lat' dir='ltr'><strong>est.</strong></span> <span class='ocrx_word' id='word_1_222' title='bbox 725 2009 887 2050; x_wconf 84' lang='lat' dir='ltr'><strong>Thurini</strong></span> <span class='ocrx_word' id='word_1_223' title='bbox 912 2008 954 2047; x_wconf 92' lang='lat' dir='ltr'><strong>C.</strong></span> <span class='ocrx_word' id='word_1_224' title='bbox 977 2007 1074 2048; x_wconf 80' lang='lat' dir='ltr'><strong>IElio</strong></span> <span class='ocrx_word' id='word_1_225' title='bbox 1091 2007 1250 2045; x_wconf 84' lang='lat' dir='ltr'><strong>statuam</strong></span> <span class='ocrx_word' id='word_1_226' title='bbox 1272 2007 1307 2045; x_wconf 56' lang='grc' dir='ltr'>ἃ</span> <span class='ocrx_word' id='word_1_227' title='bbox 1329 2017 1395 2043; x_wconf 90' lang='lat' dir='ltr'><strong>co-</strong></span> 
     </span>
     <span class='ocr_line' id='line_1_30' title="bbox 103 2067 1395 2111; baseline -0.005 -1"><span class='ocrx_word' id='word_1_228' title='bbox 103 2085 240 2111; x_wconf 82' lang='lat' dir='ltr'><strong>ronam</strong></span> <span class='ocrx_word' id='word_1_229' title='bbox 263 2084 416 2110; x_wconf 82' lang='lat' dir='ltr'><strong>auream</strong></span> <span class='ocrx_word' id='word_1_230' title='bbox 441 2072 544 2110; x_wconf 89' lang='lat' dir='ltr'><strong>dono</strong></span> <span class='ocrx_word' id='word_1_231' title='bbox 562 2072 763 2111; x_wconf 82' lang='lat' dir='ltr'><strong>dederunt.</strong></span> <span class='ocrx_word' id='word_1_232' title='bbox 798 2069 1028 2110; x_wconf 80' lang='lat' dir='ltr'><strong>Consulatus</strong></span> <span class='ocrx_word' id='word_1_233' title='bbox 1047 2070 1088 2109; x_wconf 94' lang='lat' dir='ltr'><strong>C.</strong></span> <span class='ocrx_word' id='word_1_234' title='bbox 1109 2068 1260 2108; x_wconf 76' lang='lat' dir='ltr'><strong>Claudii</strong></span> <span class='ocrx_word' id='word_1_235' title='bbox 1283 2067 1395 2108; x_wconf 80' lang='lat' dir='ltr'><strong>Cani-</strong></span> 
     </span>
     <span class='ocr_line' id='line_1_31' title="bbox 104 2130 1395 2183; baseline -0.004 -11"><span class='ocrx_word' id='word_1_236' title='bbox 104 2147 163 2173; x_wconf 86' lang='lat' dir='ltr'><strong>nae</strong></span> <span class='ocrx_word' id='word_1_237' title='bbox 177 2164 188 2182; x_wconf 84' lang='lat'>‚</span> <span class='ocrx_word' id='word_1_238' title='bbox 201 2134 256 2173; x_wconf 78' lang='lat' dir='ltr'><strong>M.</strong></span> <span class='ocrx_word' id='word_1_239' title='bbox 268 2133 412 2174; x_wconf 79' lang='lat' dir='ltr'><strong>AEmilii</strong></span> <span class='ocrx_word' id='word_1_240' title='bbox 428 2132 563 2183; x_wconf 86' lang='lat' dir='ltr'><strong>Lepidi</strong></span> <span class='ocrx_word' id='word_1_241' title='bbox 580 2132 685 2172; x_wconf 86' lang='lat' dir='ltr'><strong>nulla</strong></span> <span class='ocrx_word' id='word_1_242' title='bbox 703 2146 743 2172; x_wconf 89' lang='lat' dir='ltr'><strong>re</strong></span> <span class='ocrx_word' id='word_1_243' title='bbox 759 2130 1023 2179; x_wconf 83' lang='lat' dir='ltr'><strong>memorabili,</strong></span> <span class='ocrx_word' id='word_1_244' title='bbox 1038 2143 1119 2181; x_wconf 78' lang='lat' dir='ltr'><strong>quae</strong></span> <span class='ocrx_word' id='word_1_245' title='bbox 1135 2130 1275 2169; x_wconf 82' lang='lat' dir='ltr'><strong>tradita</strong></span> <span class='ocrx_word' id='word_1_246' title='bbox 1290 2141 1395 2178; x_wconf 82' lang='lat' dir='ltr'><strong>repe-</strong></span> 
     </span>
     <span class='ocr_line' id='line_1_32' title="bbox 106 2190 1395 2249; baseline -0.005 -13"><span class='ocrx_word' id='word_1_247' title='bbox 106 2198 247 2246; x_wconf 82' lang='lat' dir='ltr'><strong>riatur,</strong></span> <span class='ocrx_word' id='word_1_248' title='bbox 265 2198 415 2249; x_wconf 74' lang='lat' dir='ltr'><strong>insignis</strong></span> <span class='ocrx_word' id='word_1_249' title='bbox 446 2197 640 2247; x_wconf 75' lang='lat' dir='ltr'><strong>sequitur-3</strong></span> <span class='ocrx_word' id='word_1_250' title='bbox 664 2196 730 2235; x_wconf 82' lang='lat' dir='ltr'><strong>nifi</strong></span> <span class='ocrx_word' id='word_1_251' title='bbox 759 2197 864 2247; x_wconf 85' lang='lat' dir='ltr'><strong>quod</strong></span> <span class='ocrx_word' id='word_1_252' title='bbox 891 2193 1043 2235; x_wconf 84' lang='lat' dir='ltr'><strong>Etrusca</strong></span> <span class='ocrx_word' id='word_1_253' title='bbox 1071 2195 1106 2233; x_wconf 69' lang='grc' dir='ltr'>ἃ</span> <span class='ocrx_word' id='word_1_254' title='bbox 1124 2193 1275 2232; x_wconf 84' lang='lat' dir='ltr'><strong>Lucana</strong></span> <span class='ocrx_word' id='word_1_255' title='bbox 1293 2190 1395 2229; x_wconf 83' lang='lat' dir='ltr'><strong>bella</strong></span> 
     </span>
     <span class='ocr_line' id='line_1_33' title="bbox 108 2255 1397 2311; baseline -0.007 -14"><span class='ocrx_word' id='word_1_256' title='bbox 108 2267 192 2298; x_wconf 79' lang='lat' dir='ltr'><strong>tum</strong></span> <span class='ocrx_word' id='word_1_257' title='bbox 205 2260 320 2298; x_wconf 83' lang='lat' dir='ltr'><strong>etiam</strong></span> <span class='ocrx_word' id='word_1_258' title='bbox 338 2259 438 2311; x_wconf 84' lang='lat' dir='ltr'><strong>gesta</strong></span> <span class='ocrx_word' id='word_1_259' title='bbox 454 2259 645 2298; x_wconf 82' lang='lat' dir='ltr'><strong>videntur.</strong></span> <span class='ocrx_word' id='word_1_260' title='bbox 662 2258 785 2298; x_wconf 75' lang='lat' dir='ltr'><strong>Manli</strong></span> <span class='ocrx_word' id='word_1_261' title='bbox 801 2259 915 2296; x_wconf 85' lang='lat' dir='ltr'><strong>ctiam</strong></span> <span class='ocrx_word' id='word_1_262' title='bbox 928 2256 1028 2295; x_wconf 83' lang='lat' dir='ltr'><strong>Curii</strong></span> <span class='ocrx_word' id='word_1_263' title='bbox 1048 2255 1094 2294; x_wconf 77' lang='lat' dir='ltr'><strong>dc</strong></span> <span class='ocrx_word' id='word_1_264' title='bbox 1111 2255 1272 2294; x_wconf 83' lang='lat' dir='ltr'><strong>Lucanis</strong></span> <span class='ocrx_word' id='word_1_265' title='bbox 1290 2265 1397 2302; x_wconf 80' lang='lat' dir='ltr'><strong>repe.</strong></span> 
     </span>
     <span class='ocr_line' id='line_1_34' title="bbox 108 2315 1392 2373; baseline -0.006 -13"><span class='ocrx_word' id='word_1_266' title='bbox 108 2322 204 2360; x_wconf 82' lang='lat' dir='ltr'><strong>ritur</strong></span> <span class='ocrx_word' id='word_1_267' title='bbox 222 2322 348 2362; x_wconf 85' lang='lat' dir='ltr'><strong>ovatio</strong></span> <span class='ocrx_word' id='word_1_268' title='bbox 365 2335 374 2362; x_wconf 92' lang='grc'>;</span> <span class='ocrx_word' id='word_1_269' title='bbox 391 2335 473 2373; x_wconf 77' lang='lat' dir='ltr'><strong>quae</strong></span> <span class='ocrx_word' id='word_1_270' title='bbox 489 2323 524 2362; x_wconf 65' lang='grc' dir='ltr'><strong>ἃ</strong></span> <span class='ocrx_word' id='word_1_271' title='bbox 539 2321 634 2371; x_wconf 86' lang='lat' dir='ltr'><strong>inter</strong></span> <span class='ocrx_word' id='word_1_272' title='bbox 648 2329 808 2371; x_wconf 78' lang='lat' dir='ltr'><strong>quatuor</strong></span> <span class='ocrx_word' id='word_1_273' title='bbox 823 2321 904 2367; x_wconf 63' lang='lat' dir='ltr'><strong>ejus</strong></span> <span class='ocrx_word' id='word_1_274' title='bbox 920 2316 1150 2367; x_wconf 80' lang='lat' dir='ltr'><strong>triumphos,</strong></span> <span class='ocrx_word' id='word_1_275' title='bbox 1163 2316 1276 2354; x_wconf 87' lang='lat' dir='ltr'><strong>toties</strong></span> <span class='ocrx_word' id='word_1_276' title='bbox 1290 2315 1392 2353; x_wconf 82' lang='lat' dir='ltr'><strong>enim</strong></span> 
     </span>
    </p>
   </div>
   <div class='ocr_carea' id='block_1_4' title="bbox 111 2449 1394 2577">
    <p class='ocr_par' dir='ltr' id='par_1_5' title="bbox 111 2449 1394 2577">
     <span class='ocr_line' id='line_1_35' title="bbox 161 2449 1394 2497; baseline -0.005 -13"><span class='ocrx_word' id='word_1_277' title='bbox 161 2454 182 2494; x_wconf 60' lang='grc' dir='ltr'><strong>ς</strong></span> <span class='ocrx_word' id='word_1_278' title='bbox 208 2452 331 2485; x_wconf 81' lang='lat' dir='ltr'><strong>XXVI.</strong></span> <span class='ocrx_word' id='word_1_279' title='bbox 355 2453 444 2497; x_wconf 72' lang='lat' dir='ltr'><strong>Epir.</strong></span> <span class='ocrx_word' id='word_1_280' title='bbox 466 2454 540 2487; x_wconf 82' lang='lat' dir='ltr'><strong>Liv.</strong></span> <span class='ocrx_word' id='word_1_281' title='bbox 570 2466 620 2487; x_wconf 87' lang='lat'><strong>11.</strong></span> <span class='ocrx_word' id='word_1_282' title='bbox 653 2454 725 2485; x_wconf 72' lang='lat' dir='ltr'><strong>Liv.</strong></span> <span class='ocrx_word' id='word_1_283' title='bbox 743 2452 783 2489; x_wconf 80' lang='lat' dir='ltr'><strong>S.</strong></span> <span class='ocrx_word' id='word_1_284' title='bbox 806 2463 855 2484; x_wconf 84' lang='lat'><strong>12.</strong></span> <span class='ocrx_word' id='word_1_285' title='bbox 878 2451 962 2483; x_wconf 78' lang='lat' dir='ltr'><strong>Pl&#39;m.</strong></span> <span class='ocrx_word' id='word_1_286' title='bbox 989 2450 1049 2488; x_wconf 67' lang='lat' dir='ltr'><strong>rs»,</strong></span> <span class='ocrx_word' id='word_1_287' title='bbox 1072 2461 1122 2482; x_wconf 89' lang='grc' dir='ltr'><strong>ιο.</strong></span> <span class='ocrx_word' id='word_1_288' title='bbox 1145 2449 1238 2492; x_wconf 69' lang='lat' dir='ltr'><strong>Agel.</strong></span> <span class='ocrx_word' id='word_1_289' title='bbox 1263 2458 1320 2486; x_wconf 76' lang='grc' dir='ltr'><strong>ις,</strong></span> <span class='ocrx_word' id='word_1_290' title='bbox 1346 2457 1394 2486; x_wconf 79' lang='lat'><strong>17.</strong></span> 
     </span>
     <span class='ocr_line' id='line_1_36' title="bbox 117 2492 1393 2547; baseline -0.005 -13"><span class='ocrx_word' id='word_1_291' title='bbox 117 2498 204 2547; x_wconf 65' lang='lat' dir='ltr'><strong>Aug.</strong></span> <span class='ocrx_word' id='word_1_292' title='bbox 236 2498 275 2530; x_wconf 86' lang='lat' dir='ltr'><strong>de</strong></span> <span class='ocrx_word' id='word_1_293' title='bbox 303 2498 372 2529; x_wconf 79' lang='lat' dir='ltr'><strong>civ.</strong></span> <span class='ocrx_word' id='word_1_294' title='bbox 397 2499 472 2533; x_wconf 76' lang='lat' dir='ltr'><strong>Dei.</strong></span> <span class='ocrx_word' id='word_1_295' title='bbox 503 2510 520 2543; x_wconf 82' lang='lat'>3</span> <span class='ocrx_word' id='word_1_296' title='bbox 537 2524 546 2540; x_wconf 92' lang='lat'><strong>,</strong></span> <span class='ocrx_word' id='word_1_297' title='bbox 575 2499 625 2532; x_wconf 73' lang='lat'><strong>18.</strong></span> <span class='ocrx_word' id='word_1_298' title='bbox 652 2499 673 2544; x_wconf 83' lang='lat'><em>§</em></span> <span class='ocrx_word' id='word_1_299' title='bbox 695 2497 834 2532; x_wconf 77' lang='lat' dir='ltr'><strong>XXVII.</strong></span> <span class='ocrx_word' id='word_1_300' title='bbox 858 2496 931 2529; x_wconf 85' lang='lat' dir='ltr'><strong>Liv.</strong></span> <span class='ocrx_word' id='word_1_301' title='bbox 956 2507 965 2528; x_wconf 87' lang='lat'>1</span> <span class='ocrx_word' id='word_1_302' title='bbox 986 2521 995 2538; x_wconf 88' lang='lat'><strong>,</strong></span> <span class='ocrx_word' id='word_1_303' title='bbox 1018 2505 1067 2534; x_wconf 76' lang='lat'><strong>17·</strong></span> <span class='ocrx_word' id='word_1_304' title='bbox 1087 2495 1156 2528; x_wconf 64' lang='lat' dir='ltr'><strong>cic.</strong></span> <span class='ocrx_word' id='word_1_305' title='bbox 1172 2505 1234 2538; x_wconf 81' lang='lat' dir='ltr'><strong>pro</strong></span> <span class='ocrx_word' id='word_1_306' title='bbox 1258 2492 1393 2525; x_wconf 74' lang='lat' dir='ltr'><strong>Planco.</strong></span> 
     </span>
     <span class='ocr_line' id='line_1_37' title="bbox 111 2541 387 2577; baseline 0 -3"><span class='ocrx_word' id='word_1_307' title='bbox 111 2541 185 2577; x_wconf 74' lang='lat' dir='ltr'><strong>Cic.</strong></span> <span class='ocrx_word' id='word_1_308' title='bbox 210 2543 245 2577; x_wconf 80' lang='lat' dir='ltr'><strong>in</strong></span> <span class='ocrx_word' id='word_1_309' title='bbox 271 2541 387 2577; x_wconf 80' lang='lat' dir='ltr'><strong>Bruto.</strong></span> 
     </span>
    </p>
   </div>
  </div>
 </body>
</html>
