1701 3008
272 216 338 262 60
629 213 1197 262 TITILIVII

275 339 377 370 rum
405 319 608 380 fuissent,
628 337 732 368 cum
758 320 1011 370 adimendae
1038 322 1234 371 Etruscis
1254 323 1424 389 Capuae
1448 325 1577 376 elan-i

274 395 497 443 destinum
525 393 742 457 cepissent
764 395 1027 443 confilium.
1069 396 1305 446 Sacrificio
1341 399 1574 461 perfeclo,

274 485 355 532 per
375 468 602 517 viatorem
622 468 872 532 imperator
887 470 1025 518 acciri
1045 469 1229 532 jubebat
1247 471 1575 520 nobilissimum

274 556 501 604 quemque
534 557 713 606 vgenere
747 541 969 604 faustisque.
1021 542 1181 607 finguli
1217 543 1576 592 introduceban-

273 625 363 661 tur.
401 617 506 662 Erat
541 633 646 664 cum
680 616 792 663 alius
831 627 1068 679 apparatus
1106 616 1247 675 sacri,
1279 617 1357 680 qui
1390 616 1577 680 perfun-

273 687 380 735 dere
411 689 634 754 religione
663 690 863 737 animum
897 690 1070 753 poss‘et3
1102 702 1200 738 tum
1232 690 1279 738 in
1314 691 1421 738 loco
1453 691 1574 739 circa

274 762 404 809 omni
444 766 656 812 εοηῐεᾶο
694 783 783 812 arae
826 765 873 812 in
909 765 1063 812 medio
1084 801 1098 823 ‚
1130 765 1419 829 viffimaeque
1454 766 1575 813 circa

273 833 396 881 caesae
413 870 427 893 ,
447 835 497 882 &
522 836 862 883 circumstantes
901 837 1191 884 centuriones
1217 838 1374 885 strietis
1404 838 1575 902 gladiis.

270 907 622 957 Admovehatur
657 910 870 959 altaribus
908 911 1068 969 milesg.
1102 911 1241 976 magis
1281 924 1331 959 ut
1364 912 1576 972 viffima,

272 999 411 1045 quam
438 995 488 1029 ut
510 983 621 1030 sacri
653 984 905 1047 particeps:
936 984 1289 1049 adigebaturque
1318 983 1575 1047 jurejuran-

271 1056 352 1115 do,
374 1073 475 1120 quae
492 1057 588 1105 visa
607 1059 848 1123 auditaque
867 1058 915 1105 in
936 1076 993 1106 eo
1014 1060 1122 1107 loco
1141 1061 1296 1120 effent,
1315 1077 1411 1108 non
1430 1079 1576 1109 enun-

269 1130 501 1179 tiaturum.
531 1132 656 1180 Dein
678 1132 826 1195 jurare
851 1134 1099 1198 cogebatur
1118 1135 1220 1183 diro
1249 1136 1448 1199 quodam
1471 1154 1574 1183 car-

270 1203 424 1262 mine,
450 1204 496 1250 in
526 1203 884 1253 exsecrationem
915 1207 1074 1271 capitis
1104 1208 1377 1274 familiaeque
1397 1210 1447 1257 &
1470 1209 1574 1256 stir-

270 1277 340 1341 pis
370 1278 629 1342 compofito
646 1314 661 1336 ‚
681 1279 762 1326 nifi
787 1281 884 1329 iffet
912 1282 959 1329 in
984 1284 1198 1346 proelium
1218 1320 1231 1342 ‚
1256 1300 1350 1347 quo
1381 1283 1577 1346 impera-

211 1379 218 1391 ›
240 1349 243 1354 ‘
269 1362 395 1397 tores
425 1351 678 1399 duxissent:
701 1355 751 1401 &
772 1353 804 1400 fi
831 1366 909 1402 aut
936 1355 1028 1419 ipse
1051 1374 1106 1403 ex
1128 1357 1220 1404 acie
1241 1357 1446 1420 fugisset,
1466 1369 1573 1415 aut,

271 1423 305 1470 fi
326 1441 462 1487 quem
486 1423 732 1488 fugientem
765 1426 973 1486 vidisset,
991 1445 1088 1475 non
1120 1430 1353 1492 extemplo
1378 1430 1575 1477 occidis-

270 1495 348 1543 set.
383 1496 433 1543 Id
462 1497 613 1560 primo
645 1498 828 1563 quidam
854 1500 1116 1549 abnuentes‘
1134 1501 1362 1564 juraturos
1393 1501 1462 1559 se,
1483 1503 1572 1549 ob-

270 1569 465 1616 truncati
501 1570 623 1617 circa
662 1571 816 1618 altaria
853 1572 988 1620 sunt:
1023 1572 1221 1635 jacentes
1261 1576 1421 1621 deinde
1456 1574 1575 1622 inter

269 1645 460 1709 :stragem
489 1647 776 1694 vietimarum
817 1649 1100 1697 documento
1140 1652 1298 1698 ceteris
1330 1651 1484 1707 fuere,
1516 1668 1575 1699 ne

271 1718 535 1768 abnuerent.
582 1721 861 1769 PrImoribus
895 1724 1159 1770 Samnitium
1193 1741 1244 1772 ea
1278 1725 1573 1772 detestatione

270 1792 523 1853 obsti-ielis,
545 1795 702 1842 decem
723 1795 970 1844 nominatis
996 1797 1084 1844 ab
1073 1813 1374 1861 1mperatore‚
1396 1798 1457 1844 eis
1479 1799 1574 1844 dic-

271 1878 400 1924 tum,
420 1879 471 1913 ut
500 1867 576 1914 vir
602 1868 751 1915 virum
782 1869 1011 1933 legerent,
1033 1871 1181 1919 donec
1210 1871 1435 1919 sexdecim
1467 1872 1574 1918 mi}-

273 1929 389 1986 lium
427 1957 669 1988 numerum
711 1941 1021 1990 confeciffent.
1068 1960 1119 1990 ea
1151 1943 1271 2008 legio
1307 1945 1490 1991 linteata
1516 1945 1572 1991 ab

268 2010 588 2075 integumento
617 2013 851 2076 consepti,
874 2030 970 2078 quo
999 2014 1166 2063 sacrata
1195 2015 1413 2063 nobilitas
1446 2029 1569 2077 erat,

272 2086 496 2148 appellata
531 2086 606 2134 est.
655 2087 893 2135 His'arma
925 2087 1111 2152 insignia
1142 2090 1272 2148 data,
1303 2092 1352 2137 &
1383 2085 1570 2137 cristatae

272 2159 412 2221 galeae
430 2195 443 2217 ,
464 2171 515 2206 ut
548 2159 666 2206 inter
706 2173 880 2208 ceteros
906 2162 1171 2210 eminerent.
1198 2162 1347 2208 Paulo
1374 2163 1473 2225 plus
1498 2164 1571 2211 vi-

273 2229 391 2294 ginti
424 2232 617 2278 millium
649 2233 762 2281 alius
797 2235 1021 2283 exercitus
1057 2235 1171 2293 fuit,
1203 2252 1288 2282 nec
1317 2252 1568 2298 corporum

268 2304 446 2368 specie,
473 2321 556 2351 nec
590 2305 734 2369 gloria
762 2307 896 2365 belli,
925 2325 1009 2356 nec
1040 2320 1256 2372 apparatu
1289 2308 1485 2356 linteatae
1506 2310 1570 2356 le-

269 2375 400 2440 gioni
429 2375 586 2440 dispar.
623 2377 697 2424 hic
734 2379 974 2426 hominum
1005 2398 1247 2440 numerus,
1267 2383 1392 2446 quod
1420 2385 1566 2432 robo-

269 2450 332 2497 ris
361 2462 483 2508 erat,
518 2451 572 2497 ad
600 2449 893 2514 Aquiloniam
926 2453 1146 2501 consedit.

337 2527 558 2575 XXXIX.
589 2526 812 2576 Consules
844 2527 1039 2593 profeffi
1073 2529 1128 2577 ab
1162 2530 1306 2579 urbe:
1336 2530 1464 2595 prior
1493 2532 1567 2595 Sp.
