1701 3008
281 201 861 253 HISTORIARUM
908 197 1042 246 LIB.
1096 197 1158 245 X.
1333 213 1381 243 11

93 315 190 376 fore
207 316 384 377 senatui
404 316 639 374 populoque
657 313 852 356 Romano
882 311 928 354 in
939 310 1165 370 patriciis,
1199 325 1324 368 quam
1341 309 1390 352 in

99 392 277 455 plebejis
305 392 490 436 ducibus.
527 389 656 448 Quod
682 405 772 431 cum
806 385 926 445 itase
957 385 1135 439 lzabeat,
1165 385 1232 429 cui
1264 384 1393 426 Deo-

108 481 198 510 rum
229 465 493 510 hominumve
521 459 741 519 indignum
769 458 899 502 videri
921 456 1078 521 potest,
1110 452 1258 517 inquit
1276 489 1290 512 ‚
1325 471 1393 498 eos

107 539 249 593 viros,
276 554 378 599 quos
397 552 474 582 vos
491 533 614 595 sellis
633 533 843 577 curulibus
859 565 872 588 ‚
903 545 1000 592 toga
1019 545 1251 591 praetexta,
1279 530 1394 574 tuni-

110 632 159 660 ca
177 617 396 674 palmata,
431 607 473 655 ‘S'
497 623 594 669 toga
606 606 749 667 pic‘la,
780 602 822 650 G*
843 622 995 650 corona
1022 605 1265 663 triumphali
1296 605 1396 647 lau-

110 702 254 745 reaque
280 682 531 729 honoraritis
546 713 559 732 ‚
589 696 762 740 quorum
783 679 930 722 domos
942 676 1100 736 spoliis
1132 675 1303 739 hostium
1323 673 1396 732 af?-

45 787 59 802 s
99 758 212 818 fixis
231 754 410 818 instgnes
435 755 539 798 inter
555 749 882 808 aliasficeritis,
897 749 1164 809 pontificalia
1181 761 1299 806 atque
1317 763 1398 790 au·-

108 831 276 892 guralia
304 825 485 890 insignia
519 823 732 879 adjicere?
761 825 863 883 qui,
898 821 1021 868 Jovis
1047 820 1193 881 optimi
1214 819 1398 863 maximi

113 917 264 948 ornatu
282 902 496 944 decoratus
511 933 526 954 ‚
547 915 664 943 curru
690 911 838 941 aurato
849 913 926 956 per
941 895 1074 941 urbem
1097 892 1231 939 veflus
1250 895 1294 937 in
1316 895 1400 937 Ca-

108 977 309 1036 pitolium
342 972 566 1033 ascenderit
583 1006 598 1027 ,
617 969 666 1033 fi
679 970 958 1030 conspiciatur
983 986 1074 1013 cum
1103 967 1246 1026 capide
1273 984 1322 1010 ac
1347 968 1401 1010 li-

115 1066 212 1103 tuo,
234 1049 365 1108 capite
390 1049 524 1092 velato
542 1043 756 1090 vic‘limam
775 1046 906 1088 caedac
923 1077 936 1100 ‚
968 1043 1236 1103 auguriumve
1260 1059 1312 1084 cx
1335 1058 1402 1084 ar-

116 1141 156 1169 ce
183 1120 361 1182 capiat?
397 1117 530 1177 Cujus
559 1118 759 1178 imaginis
783 1118 904 1160 titulo
922 1115 1163 1176 consulatus
1178 1148 1191 1169 ‚
1214 1112 1403 1172 cenficra-

116 1214 190 1258 que
209 1230 222 1253 ,
254 1191 297 1240 δ’
323 1193 554 1253 triumphus
572 1225 588 1246 ,
621 1207 734 1250 aequo
767 1191 910 1235 animo
943 1193 1093 1249 legetur
1102 1205 1121 1242 ;
1143 1187 1193 1251 si
1217 1203 1404 1248 augura-

119 1285 208 1315 tum
234 1282 309 1312 aut
327 1266 620 1327 pontificatum
653 1261 916 1320 adjeceritis,
944 1280 1028 1307 non
1056 1260 1313 1326 sustinebunt
1341 1261 1402 1303 le-

119 1344 303 1404 gentium
333 1342 478 1386 oculi?
508 1340 715 1400 Equidem
744 1335 879 1400 (pace
909 1339 1089 1383 dixerim
1121 1331 1301 1396 Deum)
1337 1349 1405 1378 eos

120 1432 198 1460 nos
221 1413 317 1469 jam
339 1414 489 1474 populi
509 1413 697 1457 Romani
717 1412 907 1470 beneficio
927 1407 1128 1475 effispero
1144 1444 1158 1464 ,
1183 1410 1252 1467 qui
1265 1406 1408 1467 sacer-

122 1489 252 1534 dotiis
286 1504 372 1531 non
405 1487 545 1530 minus
577 1485 799 1530 reddamus
833 1485 1075 1545 dignatione
1111 1481 1247 1547 nostra
1278 1480 1410 1524 liono-

123 1563 210 1617 ris,
238 1577 361 1620 quam
390 1558 654 1618 acceperimus
666 1574 687 1611 ;
709 1553 751 1602 G*
770 1557 961 1601 Deorum
987 1556 1152 1616 magis,
1183 1569 1307 1613 quam
1333 1568 1411 1595 no-

111 1635 203 1700 stra
222 1633 350 1694 causa
368 1646 712 1694 expetamu5‚uc,
728 1648 830 1692 quos
841 1631 1044 1690 privatim
1065 1630 1262 1684 colimus,
1270 1625 1413 1686 puhli-

125 1725 167 1753 ce
185 1710 381 1752 colamus.

192 1781 308 1827 VIII.
340 1780 464 1841 Quid
490 1793 625 1824 autem
651 1795 722 1840 ego
732 1775 799 1841 fic
821 1777 957 1822 adhuc
987 1776 1078 1836 egi,
1108 1787 1308 1833 tanquam
1341 1772 1415 1814 in-

129 1872 241 1917 tegra
252 1855 318 1920 sic
338 1853 463 1914 causa
485 1854 762 1913 patriciorum
789 1854 837 1896 de
849 1850 1101 1910 sacerdotiis
1121 1882 1134 1904 ‚
1160 1844 1202 1892 δ’
1221 1863 1305 1890 non
1313 1844 1417 1902 jam

131 1931 178 1975 in
199 1926 441 1990 poffiffione
470 1926 599 1970 unius
619 1923 860 1987 amplffmi
873 1921 1010 1986 fimus
1025 1920 1295 1981 sacerdotii?
1319 1920 1418 1963 De-

131 2004 328 2048 cemviros
345 2000 484 2060 sacris
491 1999 746 2057 faciundis,
767 1999 997 2042 carminum
1022 1996 1197 2055 Sibylla
1226 2011 1276 2038 ac
1290 1990 1418 2050 fato·-

133 2092 223 2121 rum
242 2075 394 2135 populi
425 2071 553 2129 hujus
583 2074 836 2132 interprete5‚
865 2070 1065 2136 antistites
1091 2067 1251 2128 eosdem
1271 2067 1417 2125 Apol-

135 2151 287 2195 linaris
299 2146 420 2207 sacri
450 2147 851 2205 caerimoniarumque
877 2145 1082 2199 aliarum,
1095 2140 1279 2202 plebejos
1305 2139 1421 2184 vidc-

135 2239 242 2268 mus.
281 2222 369 2266 Nec
407 2234 494 2265 tum
522 2219 716 2278 patriciis
749 2220 837 2262 ulla
872 2214 1032 2272 injuria
1055 2213 1178 2273 fafla
1215 2212 1296 2278 est,
1331 2228 1421 2255 cum

138 2295 372 2342 duumviris
380 2294 519 2354 sacris
539 2290 764 2350 faciundis
784 2288 968 2346 adjec‘lus
987 2289 1039 2356 est
1052 2301 1223 2349 propter
1236 2282 1422 2346 plebejos

137 2385 329 2415 numerus
341 2386 357 2414 .·
383 2364 425 2413 δ’
443 2384 553 2412 nunc
571 2366 782 2420 tribunus,
797 2361 1001 2421 virfortis
1018 2362 1287 2429 acstrenuus,
1303 2358 1425 2417 quin-

139 2459 213 2503 que
233 2457 437 2502 augurum
457 2442 549 2484 loca
567 2473 582 2495 ‚
611 2453 788 2499 quatuor
799 2436 1043 2497 pontificum
1064 2432 1220 2490 adjecit
1234 2464 1247 2486 ‚
1274 2431 1318 2473 in
1339 2440 1424 2486 quce

134 2514 287 2583 plebeji
304 2517 573 2566 nominentur
582 2530 604 2572 ;
631 2529 721 2561 uon
736 2526 784 2561 uc
798 2527 874 2561 vos
887 2543 903 2571 ‚
921 2511 1041 2571 Appi
1051 2541 1066 2568 ‚
1087 2505 1211 2573 1²⁶1(er
1225 2505 1315 2549 l0⁶0
1329 2499 1425 2559 pel-⁴
