1701 3008
194 178 793 226 HtsroatARUM
839 177 1192 225 LIB.XX1.
1264 158 1354 244 365

60 283 188 333 restri
221 301 301 349 per
332 283 591 348 Hispaniam
618 282 873 348 Galliasque
910 283 1070 331 itinere
1093 284 1264 331 ltaliam
1286 301 1365 347 pe·

61 371 205 418 teret,
239 359 360 406 nuda
399 370 642 422 apertaque
680 357 898 404 Romanis
931 357 1082 418 Africa
1121 359 1176 406 ab
1209 358 1364 407 Sicilia

62 432 168 479 effer
185 467 200 490 ‚
230 432 388 478 valido
425 432 634 495 praesidio
670 430 847 479 firmare
873 449 970 478 eam
995 433 1158 481 statuit.
1191 436 1279 481 Pro
1303 450 1363 481 eo

61 505 422 569 supplementum
443 505 534 568 ipse
553 522 609 551 ex
630 504 781 552 Africa
795 541 809 563 ‚
829 505 1023 552 maxime
1041 506 1364 568 iaculatorum,

60 580 232 627 levium
260 579 392 626 armis
409 615 422 637 ‚
447 579 605 642 petiit;
635 590 687 626 ut
711 578 809 626 Afri
841 579 887 625 in
915 578 1157 642 Hispania,
1178 581 1225 626 in
1243 580 1366 627 Afri·

63 672 115 703 ca
137 654 351 717 Hispani,
383 654 548 701 melior
571 653 739 716 procul
767 653 823 701 ab
857 653 999 700 domo
1032 653 1206 701 futurus
1239 667 1366 702 uter-

0 745 3 749 ·
60 743 150 791 que
183 727 340 783 mileS,
372 727 503 774 velut
539 726 709 773 mutuis
741 726 1013 790 pignoribus
1044 727 1261 791 obligati,
1290 728 1365 776 sti-

61 800 226 864 pendia
246 787 458 846 facerent.
497 798 740 846 Tredecim
758 799 900 846 millia
921 799 1208 863 offingentos
1227 800 1364 863 quin-

61 874 280 939 quaginta
305 873 479 937 pedites
501 883 700 920 cetratos
718 871 866 919 mifit
855 889 903 918 1n
922 871 1153 930 Africam,
1181 873 1232 921 &
1261 872 1364 919 fun-

61 949 234 996 ditores
273 948 468 994 Baliares
510 945 800 1009 offingentos
839 909 1153 1010 septuaginta:
1188 947 1364 1011 equites

62 1021 234 1069 mixtos
253 1037 309 1066 ex
328 1019 483 1066 multis
506 1017 715 1082 gentibus
744 1018 868 1065 mille
899 1020 1137 1066 ducentos.
1166 1021 1259 1067 Has
1282 1037 1364 1068 co-

60 1096 157 1159 pias
175 1094 338 1158 partim
360 1091 625 1155 Carthagini
654 1092 861 1154 praefidio
889 1092 1001 1152 effe,
1021 1093 1187 1156 partim
1217 1093 1365 1141 distri-

63 1169 140 1216 bui
172 1186 252 1232 per
290 1167 488 1215 Africam
524 1166 665 1228 jubet.
724 1166 854 1214 fimul
888 1166 1277 1230 conquisitoribus
1314 1168 1363 1215 in

64 1242 275 1291 civitates
304 1240 437 1288 miffis
458 1277 471 1298 ,
501 1251 699 1302 quatuor
720 1240 861 1286 millia
894 1239 1149 1303 conscripta
1181 1240 1363 1288 deleffie

63 1313 347 1377 juventutis,
366 1312 619 1375 prcelidium
636 1311 817 1360 eosdem
838 1313 888 1362 &
909 1312 1106 1372 obsides,
1124 1313 1231 1361 duci
1246 1316 1365 1366 Car÷

63 1387 298 1451 thaginem
322 1386 465 1448 jubet.

128 1461 278 1507 XXu.
307 1459 468 1522 Neque
490 1456 748 1521 Hispaniam
768 1457 1080 1523 negligendam
1107 1471 1226 1508 ratus
1240 1497 1252 1519 ‚
1274 1459 1367 1525 (at-·

62 1550 151 1598 que
187 1533 292 1580 ideo
328 1533 449 1579 haud
486 1531 666 1590 minus,
699 1533 826 1597 quod
856 1533 978 1579 haud
1016 1533 1200 1597 ignarus
1230 1547 1362 1592 erat,

65 1606 351 1655 circumitam
382 1606 437 1652 ab
470 1605 688 1653 Romanis
718 1622 816 1652 eam
846 1604 1000 1669 legatis
1029 1606 1083 1652 ad
1117 1605 1363 1654 sollicitan-

67 1683 150 1730 dos
169 1682 427 1746 principum
447 1680 658 1746 animos)
687 1680 955 1728 Hasdrubali
975 1681 1130 1738 fratri,
1154 1681 1260 1728 viro
1280 1682 1363 1730 im-

65 1755 198 1820 pigro
220 1791 234 1814 ‚
276 1772 372 1804 eam
407 1754 696 1819 provinciam
728 1754 948 1813 destinat,
985 1753 1221 1819 firmatque
1258 1772 1363 1804 eum

68 1829 232 1878 Africis
257 1829 454 1876 maxime
479 1828 691 1892 praefidiis
709 1865 722 1888 ‚
751 1828 954 1891 peditum
980 1827 1197 1875 Afrorum
1217 1830 1363 1876 unde-

66 1904 156 1952 cim
187 1904 389 1951 millibus
427 1903 697 1968 ofiingentis
729 1902 1053 1967 quinquaginta
1074 1940 1089 1960 ,
1125 1902 1362 1966 Liguribus

68 1978 312 2038 trecentis,
342 1978 589 2025 Baliaribus
620 1978 890 2041 quingentis.
931 1978 986 2023 acl
1028 1977 1127 2024 haec
1159 1976 1363 2041 peditum

68 2053 238 2101 auxilia
268 2052 406 2099 additi
436 2053 609 2116 equites
638 2051 994 2116 Libyphoenices
1030 2049 1251 2114 (mixtum
1274 2053 1364 2098 Pu-

70 2127 224 2175 nicum
247 2127 370 2174 Afris
393 2125 564 2191 genus)
582 2127 798 2183 trecenti,
817 2127 867 2173 &
893 2126 1102 2171 Numidae
1124 2126 1362 2190 Maurique

71 2201 241 2249 accolae
266 2200 443 2248 Oceani
462 2201 518 2247 ad
535 2200 659 2246 mille
684 2199 998 2264 offingentos,
1029 2201 1075 2246 &
1097 2216 1238 2262 parva
1259 2200 1362 2246 ller-

72 2285 223 2338 getum
256 2291 414 2320 manus
452 2290 509 2320 ex
539 2273 753 2336 Hispania
774 2309 788 2331 ,
826 2273 1007 2320 ducenti
1040 2271 1241 2335 equites:
1281 2274 1362 2331 &‚

72 2363 129 2392 ne
163 2347 274 2410 quid
301 2347 518 2395 terrestris
551 2347 713 2395 deeffet
744 2347 902 2394 auxilii
933 2363 1099 2411 genus,
1134 2345 1362 2407 elephanti

71 2421 439 2482 quotuorclecim.
489 2421 627 2470 claffis
662 2433 872 2485 praeterea
912 2422 1012 2468 data
1053 2420 1108 2467 ad
1147 2420 1361 2466 tuendam

73 2493 342 2544 maritimam
364 2512 520 2558 oram,
544 2495 710 2561 (quia,
737 2513 827 2561 qua
848 2506 972 2561 parte
1001 2494 1108 2541 belli
1132 2493 1361 2555 vicerant,
