1701 3008
1287 102 1295 120 f

317 215 409 264 282
486 218 576 263 JO.
627 215 1140 263 FREINSHEMII
1174 215 1531 265 SUPPLEM.

317 323 402 361 fuit.
440 321 587 361 relictas
616 335 636 360 a
666 320 821 360 consule
846 334 960 360 naves
991 329 1065 360 tres
1096 324 1131 361 ὁὶ
1159 321 1365 372 nonaginta
1396 323 1497 372 cepit
1521 322 1593 361 ho-

316 384 376 423 stis
403 396 476 421 una
505 395 595 422 eum
617 381 965 432 propugnatoribus
992 384 1027 420 ὃς
1049 382 1219 432 remige,
1246 390 1381 432 praeter
1405 395 1495 428 eos,
1526 382 1591 431 qui

315 444 475 483 navibus
500 456 636 494 magna
656 443 692 482 vi
709 443 748 481 in
772 441 861 482 litus
883 443 1057 493 impactis
1072 474 1082 491 ‚
1101 446 1296 492 ejecerunt
1317 442 1407 481 sein
1426 451 1563 486 terram
1579 472 1597 491 ,,

314 504 580 553 fugeruntque.
610 504 686 542 Sed
709 505 745 542 ὁὶ
772 503 811 541 in
834 503 916 553 ipso
940 502 1076 554 proelio
1106 516 1263 554 magnus
1285 504 1439 542 navium
1458 516 1592 542 nume—

314 577 376 602 rus
405 564 594 614 depreffus
617 565 695 604 eit:
719 577 808 603 nam
832 564 958 615 plures
986 562 1160 603 ducentis
1187 564 1354 615 Lilybaeo
1377 566 1411 604 P.
1431 564 1588 604 Clodius

312 626 529 667 advexerat.
559 627 681 666 Tanta
705 627 859 666 victoria
896 626 1054 665 minimo
1078 627 1275 676 impendio
1307 627 1590 678 Carthaginien..

309 688 408 726 sibus
433 688 540 727 stetit.
568 703 637 727 nott
662 690 760 727 modo
788 703 911 727 navem
929 719 939 736 ,
958 690 1027 742 fid
1048 704 1089 726 ne
1118 689 1292 741 hominnm
1324 690 1457 741 quidem
1479 689 1589 727 ullum

308 751 471 803 imerizffi
484 780 496 800 ,
517 751 716 790 vulneratos
741 752 867 803 oppido
883 765 1039 804 paucos,
1060 751 1243 790 traditur:
1268 764 1354 790 cum
1371 753 1411 789 cle
1424 753 1588 790 Romana

307 811 408 861 class}
436 816 507 851 offo
536 812 650 850 millia
675 812 846 849 hominum
872 813 980 865 caefiz,
1006 825 1110 863 capta
1133 813 1246 850 millia
1269 813 1398 865 viginti
1425 813 1589 852 referan-

307 879 389 912 tur„
409 873 484 911 Sub
516 873 619 911 idem
653 880 804 922 tempus
838 873 953 911 etiam
980 885 1000 911 a
1028 873 1216 912 Panormo
1246 886 1360 912 naves
1391 873 1587 913 frumento

308 933 458 973 onustaz
488 947 643 984 rapuere
672 934 803 981 Poeni,
829 933 1126 983 Drepanumque
1155 946 1339 981 avexere,
1363 935 1397 973 &
1425 934 1586 974 viciffim

308 1007 356 1033 ex
379 1009 467 1045 agro
502 995 763 1046 Drepanitano
800 1002 1037 1033 commeatus
1063 993 1274 1045 Lilybaeum
1307 996 1587 1046 importantes‚

311 1056 418 1094 omni
440 1069 576 1106 genere
602 1049 791 1096 bonorum
820 1054 984 1094 obsessos
1009 1054 1111 1105 large
1137 1055 1361 1094 refecerunt.

361 1119 511 1159 XXIII.
550 1120 684 1169 Neque
707 1117 770 1156 hic
793 1117 957 1156 substitit
983 1118 1063 1168 ejus
1093 1118 1181 1156 anni
1205 1118 1377 1166 fortuna,
1396 1118 1486 1168 quin
1510 1117 1586 1158 alio

311 1193 466 1231 quoque
495 1193 633 1230 magno
663 1179 912 1218 incommodo
942 1180 1125 1218 mactaret
1153 1179 1376 1226 Romanos,
1401 1191 1472 1217 nec
1502 1178 1586 1229 pos-

305 1241 465 1281 seffione
482 1242 598 1280 modo
617 1241 745 1289 maris,
758 1240 822 1279 sed
839 1240 951 1278 etiam
966 1238 1029 1289 spe
1041 1239 1216 1290 potiundi
1239 1239 1457 1290 depelleret.
1479 1238 1585 1279 Alter

307 1304 410 1342 enim
437 1301 568 1341 consul
594 1303 634 1342 L.
649 1302 810 1350 Junius,
835 1313 923 1340 cum
947 1302 1125 1340 onerariis
1154 1301 1295 1350 multis,
1316 1302 1451 1351 quibus
1467 1310 1584 1340 anno-

306 1377 396 1403 nam
422 1364 471 1402 ad
485 1363 706 1403 ,exercitum
731 1362 919 1409 deferret,
945 1361 1180 1413 rostratisque
1199 1361 1391 1413 sexaginta
1407 1375 1453 1401 ex
1473 1361 1584 1402 Italia

304 1426 528 1477 profestus,
555 1425 619 1464 ubi
644 1424 854 1464 Messanam
880 1422 1047 1473 appulit,
1075 1424 1226 1463 obviam
1247 1424 1407 1463 aliarum
1428 1425 1584 1463 navium

305 1487 594 1526 multitudinem
622 1486 781 1533 habuit,
805 1499 886 1535 quae
917 1496 997 1524 tum
1028 1484 1075 1524 ab
1102 1486 1289 1534 exercitu,
1309 1494 1390 1524 turn
1417 1485 1497 1525 aliis
1527 1488 1584 1526 Si.

305 1548 401 1587 ciliae
429 1548 597 1599 partibus
625 1561 670 1587 eo
692 1555 959 1586 convenerant.
991 1547 1061 1586 His
1084 1547 1276 1596 assumtis,
1299 1549 1332 1586 Sc
1350 1546 1459 1585 classe
1481 1547 1581 1586 faeta

305 1610 463 1648 navium
486 1608 684 1660 longarum
711 1610 839 1655 CXX,
866 1609 1120 1648 onerariarum
1145 1601 1264 1659 prope
1291 1608 1448 1654 DCCC,
1477 1609 1581 1658 Syra-

303 1670 412 1710 cusas
442 1670 672 1721 provehitur.
732 1672 821 1719 Quo
853 1671 1048 1720 postquam
1072 1672 1201 1718 venit,
1230 1669 1472 1719 quaestoribus
1500 1681 1582 1719 par-

304 1740 385 1771 tem
410 1733 564 1772 navium
588 1732 797 1784 Lilybaeum
822 1732 1038 1771 ducendam
1065 1732 1202 1772 tradit:
1233 1730 1311 1782 ipse
1333 1730 1491 1769 subsistit
1513 1732 1580 1782 Sy-

303 1796 464 1845 racufis,
489 1796 708 1846 exspectans
734 1808 822 1841 eos,
841 1795 904 1845 qui
927 1794 1097 1834 Messana
1123 1794 1424 1844 proficiscentem
1453 1793 1580 1833 conse-

307 1858 372 1908 qui
401 1871 478 1896 non
495 1864 724 1908 potuerant,
751 1856 858 1895 simul
885 1869 1074 1896 annonam
1103 1868 1269 1906 cogens,
1300 1868 1413 1905 quam
1439 1868 1487 1894 ex
1515 1854 1579 1894 lo-

306 1920 360 1957 cis
382 1919 668 1958 mediterraneis
690 1917 779 1956 socii
797 1916 1069 1957 subvehebant.
1097 1917 1251 1957 Interim
1277 1915 1469 1956 Adherbal
1490 1916 1579 1955 mis-

304 1980 350 2019 sis
382 1980 648 2031 Carthaginem
672 1979 856 2028 navibus,
892 1978 1189 2029 hominibusque
1216 1978 1373 2028 captivis
1390 2007 1399 2025 ,
1423 1978 1576 2019 fortuna

303 2041 498 2091 gloriaque
527 2041 574 2080 ad
607 2053 665 2080 res
692 2041 873 2091 gerendas
904 2039 1104 2087 incitante,
1127 2038 1371 2087 Carthaloni,
1397 2040 1463 2088 qui
1481 2038 1574 2078 fsuas

302 2102 539 2154 septuaginta
567 2117 678 2143 naves
708 2117 795 2142 cum
826 2103 989 2142 totidem
1015 2102 1135 2141 ferme
1166 2102 1345 2141 onerariis
1372 2114 1418 2139 ex
1449 2101 1577 2144 Africa

302 2168 536 2214 adduxerat,
559 2168 710 2218 triginta
735 2167 823 2205 alias
846 2166 1019 2213 addidit,
1038 2165 1209 2216 misitque
1230 2163 1425 2202 hominem
1446 2163 1493 2200 ad
1511 2175 1577 2201 naa

263 2263 268 2267 .
303 2243 368 2268 ves
386 2230 656 2278 Romanorum,
672 2244 753 2280 quse
771 2231 809 2269 in
826 2237 937 2279 portu
958 2228 1006 2268 ad
1021 2227 1231 2281 Lilybaeum
1255 2225 1422 2274 stabant,
1439 2224 1574 2265 abstra.=

300 2291 473 2338 hendas,
499 2300 564 2330 aut
591 2292 900 2341 corrumpenda&

356 2353 502 2392 XXIV.
536 2353 578 2392 11¹
630 2352 696 2391 sub
713 2354 876 2402 primam
899 2351 1025 2390 lucem
1047 2362 1184 2399 magno
1211 2355 1350 2387 terrore
1376 2348 1574 2396 inved'tus,

302 2426 391 2456 cum
421 2413 502 2454 aliis
527 2415 680 2453 navium
705 2427 863 2462 manus,
887 2413 970 2453 aliis
996 2407 1123 2464 ignem
1148 2411 1344 2460 injiceret,
1372 2412 1406 2450 &
1432 2411 1472 2448 in
1494 2410 1581 2456 RQ

342 2536 369 2581 ς
392 2534 500 2573 xxn.
521 2535 624 2574 Diod.
647 2546 711 2580 24,
737 2547 767 2574 ι.
790 2534 890 2571 oros.
915 2545 950 2580 4,
978 2545 1029 2573 ιο.
1053 2534 1076 2580 g
1101 2534 1227 2572 xxm.
1250 2533 1534 2581 Polyb.D·20d210
