1701 3008
291 216 387 250 2210
455 194 1515 249 JO.‘1³'REHWSHEMH'SUP'PLENL¹

290 305 664 359 Carthaginiensibus
688 303 879 354 Agrigenti
897 302 1264 358 praeerat,)crebris
1290 306 1433 344 nuntiis
1457 318 1574 357 opem

290 369 468 410 adversus
493 368 636 407 famem
663 368 697 406 ἃ
726 365 896 416 pericula
925 364 1128 415 poscente3
1151 376 1240 404 cum
1267 364 1456 405 militibus
1474 397 1484 415 ,
1510 364 1576 418 qui

290 433 420 485 postea
449 429 635 478 contrasti
670 428 850 476 fucrant,
880 425 1190 476 elephantisque,
1222 426 1363 467 Hanno
1390 427 1515 468 senior
1534 430 1575 468 in

290 494 462 536 Siciliam
494 491 771 531 transmittitur.
803 490 980 531 Peditum
1008 498 1114 528 erant
1132 489 1252 533 millia
1278 491 1576 543 quinquaginta,

288 556 355 596 sex
384 556 580 606 equitum,
612 554 807 604 sexaginta
834 552 1055 603 elephanti..
1092 552 1191 591 Cum
1215 551 1275 592 his
1308 554 1430 603 copiis
1465 554 1575 605 Li-ly-

284 613 415 658 'baeum
434 620 587 667 vectus,
610 617 699 656 inde
719 616 847 655 versus
868 614 1094 655 Heracleam
1123 615 1264 653 movit:
1293 615 1493 666 statimque
1508 628 1572 654 ve-

283 685 425 718 nerunt
451 680 500 719 ad
526 692 638 725 eum,
661 680 727 730 qui
756 678 994 718 deditionem
1012 677 1152 717 Erbesli
1169 676 1454 727 pollicerentur.
1491 678 1574 717 Ho-

284 754 372 779 rum
389 753 506 791 opera
528 740 680 780 Erbeffo
705 740 849 790 potitus
866 770 876 786 ,
897 739 1001 778 unde
1025 738 1208 777 hactenus
1230 740 1278 777 ad
1295 739 1411 779 castra
1430 738 1574 779 Roma,

285 816 336 842 na
362 803 500 841 deferri
527 811 766 842 commeatus
788 799 1063 847 consueverat,
1088 811 1168 838 rem
1193 800 1297 839 haud
1317 801 1467 842 minim‘i
1490 814 1573 839 ma⁴

285 865 407 905 menti
438 864 634 916 perfeeiffe
659 859 864 903 videbatur
880 892 891 910 ,
918 873 1007 900 cum
1033 861 1208 900 exclusos
1236 863 1342 901 omni
1368 875 1573 912 propemo-

285 929 382 968 dum
408 927 592 966 facultate
622 923 914 965 necessariarum
942 937 1066 963 rerum
1098 925 1294 964 Romanos
1320 925 1423 964 haud
1450 925 1572 964 levius

279 996 461 1040 urgeret,
481 1000 596 1038 quam
617 988 665 1026 ab
687 987 744 1026 his
765 986 1002 1037 Agrigentini
1026 985 1308 1036 premebantur.
1338 988 1501 1037 Jamque
1522 987 1570 1027 de

286 1050 486 1090 obsidione
517 1049 698 1088 solvenda
733 1046 985 1086 deliberatum
1011 1054 1091 1084 erat
1121 1059 1199 1085 non
1227 1046 1370 1095 semel,
1396 1047 1570 1097 nihilque

283 1113 444 1163 propius
464 1112 609 1152 fadum
626 1141 636 1157 ,
659 1122 772 1160 quam
793 1117 837 1147 ut
857 1108 1055 1161 negotium
1081 1109 1179 1148 istud
1201 1122 1266 1159 pro
1291 1108 1488 1159 desperato
1505 1108 1572 1147 ab·

285 1175 496 1224 jiceretur3
518 1173 584 1211 nisi
611 1172 698 1212 Rex
723 1170 979 1222 Syracusanus
1002 1184 1135 1210 ornnes
1160 1173 1343 1211 tentando
1367 1172 1444 1211 vias
1473 1185 1574 1211 non-

283 1236 383 1278 nihil
406 1236 591 1277 frumenti
616 1243 902 1285 ceterarumque
923 1247 1047 1273 rerum
1067 1235 1199 1273 furtim
1222 1234 1460 1283 submittens,
1477 1248 1571 1286 prae0

283 1298 433 1338 sentem
457 1297 627 1348 inopiam
653 1297 809 1335 modico
837 1296 1000 1336 subinde
1026 1296 1242 1335 levamento
1267 1297 1475 1336 recreasset.

339 1360 435 1400 LIV.
465 1360 606 1400 Hanno
642 1371 731 1397 cum
762 1359 958 1398 Romanos
984 1360 1018 1398 δε
1047 1359 1228 1408 penuria,
1257 1361 1292 1398 ὃ(
1316 1359 1567 1410 morbis,qui

281 1423 392 1474 sequi
414 1423 559 1461 famem
590 1420 735 1470 solent,
765 1421 926 1472 graviter
953 1420 1136 1469 affectos,
1159 1420 1242 1460 suas
1270 1430 1403 1460 contra
1436 1422 1566 1472 copias

285 1485 430 1524 viribus
471 1484 629 1535 integris
660 1496 770 1533 agere
803 1482 1082 1533 perpenderet;
1113 1482 1267 1533 propius
1298 1483 1347 1522 ad
1374 1483 1569 1522 Romanos

281 1549 472 1603 *accedere
486 1579 497 1596 ‚
515 1546 739 1598 proeliique,
762 1545 784 1584 fi
809 1545 971 1584 facultas
994 1546 1145 1585 daretur
1159 1576 1169 1594 ,
1186 1546 1380 1584 fortunam
1403 1545 1568 1596 experiri

283 1611 425 1650 statuit.
454 1609 676 1660 Elephantis
693 1609 807 1659 igitur
829 1609 1102 1658 quinquaginta
1126 1617 1330 1659 ceteroque
1353 1617 1437 1647 toto
1460 1620 1567 1647 exer-

284 1674 367 1712 citu
397 1671 586 1720 assumtis,
603 1670 791 1711 Heraclea
817 1671 1011 1720 profectus
1029 1702 1039 1718 ‚
1066 1672 1320 1710 Numidicum
1353 1671 1566 1721 equitatum

285 1734 509 1785 praemittit,
535 1732 600 1784 qui
626 1732 790 1771 hostium
816 1732 939 1771 castris
963 1732 1209 1782 obequitans,
1239 1731 1393 1771 eliceret
1420 1732 1567 1771 Roma-

286 1810 357 1837 nos
381 1797 550 1847 equites,
572 1798 607 1835 ὃς
626 1796 667 1833 in
688 1804 915 1845 praeparatas
936 1794 1086 1833 insidias
1116 1794 1336 1833 deduceret.
1365 1794 1563 1841 Numidis,

286 1860 343 1898 uti
375 1860 597 1899 mandatum
621 1866 722 1905 erat,
758 1859 805 1896 ad
839 1857 953 1896 castra
983 1856 1180 1896 consulum
1214 1858 1439 1898 contemtim
1472 1870 1567 1907 pro-

285 1921 529 1970 volantibus,
559 1929 767 1971 erumpunt
799 1921 994 1968 Romani,
1030 1920 1325 1971 propelluntque
1357 1920 1564 1959 resistentes

285 1984 424 2033 primo,
449 1985 592 2023 deinde
614 1983 744 2022 solutis
765 1983 962 2022 ordinibus
983 1983 1059 2031 via,
1083 1996 1155 2032 qua
1180 1983 1308 2022 venire
1330 1974 1564 2023 Hannonem

286 2045 477 2093 sciebant,
504 2045 761 2097 refugientes,
780 2052 964 2084 contento
988 2045 1096 2083 cursu
1123 2045 1405 2096 persequuntur.
1444 2044 1565 2094 Igitur

288 2114 432 2155 quanto
463 2104 613 2157 longius
645 2105 767 2155 abripi
794 2105 831 2144 se
860 2105 951 2155 paffi
977 2105 1150 2153 fuerant,
1175 2113 1280 2145 tanto
1310 2104 1563 2145 difficiliorem

288 2167 339 2206 ad
354 2167 418 2206 sua
436 2168 674 2207 munimenta
702 2174 901 2217 receptum
926 2166 1168 2215 habuerunt3
1196 2166 1379 2216 multique
1405 2179 1562 2211 eorum,

288 2239 379 2266 cum
411 2230 447 2267 ἃ
473 2238 645 2268 recentes
670 2228 914 2268 occurriffent
936 2230 1077 2279 copiae,
1096 2231 1130 2268 ἃ
1158 2228 1222 2277 'qui
1253 2227 1368 2278 paulo
1391 2235 1479 2277 ante
1504 2229 1564 2268 fu-

288 2297 423 2339 gerant
445 2290 614 2339 undique
638 2291 1057 2337 circumfunderentur,
1083 2289 1278 2328 desiderati
1306 2288 1402 2328 sunt.

343 2349 418 2388 LV.
465 2350 551 2389 Hoc
579 2358 718 2389 eventu
743 2352 863 2401 magis
888 2352 1002 2390 etiam
1027 2351 1075 2389 ad
1098 2350 1201 2399 spem
1221 2350 1377 2390 summae
1397 2349 1560 2388 victoriae

292 2412 540 2451 confirmatus
575 2413 739 2460 Hanno,
779 2411 919 2451 collem
953 2412 1173 2461 quendam,
1203 2413 1350 2453 Torum
1382 2411 1562 2459 nomine,

338 2519 360 2562 5
380 2519 462 2552 LIII.
487 2519 609 2553 Zonar.
634 2518 752 2563 Polyb.
769 2518 870 2553 Diod.
891 2518 959 2555 Ecl.
982 2520 1005 2554 l.
1030 2527 1085 2553 22.
