1701 3008
331 216 426 264 394
677 198 1246 245 T1T1L1V11

332 307 573 356 hominum
598 320 914 369 equorumque
945 303 1096 351 oriens
1130 303 1278 366 pulvis
1306 303 1479 368 signum
1502 321 1613 369 pro-

331 379 650 444 pinquantium
678 377 874 424 hostium
901 376 998 424 fuit.
1034 376 1253 423 Constitit
1273 390 1515 441 utrumque
1535 396 1614 442 ag-

330 470 460 510 men,
490 454 540 500 δε
567 451 735 515 proelio
763 449 850 497 sese
876 449 1188 512 expediebant.
1220 449 1371 512 Scipio
1395 450 1617 511 jaculato-

330 542 401 571 res
432 526 481 571 δε
516 523 676 571 Gallos
709 524 879 586 equites
912 522 959 568 in
993 521 1146 568 front‘e
1178 521 1323 579 locat;
1354 523 1616 583 Romanos,
1645 576 1648 579 v

331 598 652 662 sociorumque
681 599 807 662 quod
826 596 1004 644 roboris
1025 596 1139 655 fuit,
1170 596 1216 643 in
1247 597 1460 646 subsidiis,
1487 600 1616 646 Han-

292 719 296 723 ,
333 672 453 717 nibal
485 670 684 717 frenatos
714 669 886 733 equites
915 669 963 715 in
993 668 1191 715 medium
1217 669 1412 731 accipit,
1444 686 1616 719 cornua

332 743 540 791 Numidis
568 742 725 790 firmat.
756 742 954 789 Vixdum
983 742 1181 789 clamore
1214 742 1390 790 sublato
1408 779 1422 801 ‚
1450 743 1616 805 jacula-

333 829 457 863 tores
486 816 695 880 fugerunt
718 816 835 862 inter
870 814 1056 862 subsidia
1090 815 1145 861 ad
1178 814 1416 869 secundam
1456 817 1614 865 aciem.

335 888 441 935 inde
479 888 683 952 equitum
721 900 945 935 certamen
981 899 1074 934 erat
1113 887 1383 950 aliquamdiu
1419 906 1617 953 anceps;

337 961 440 1006 dein
456 997 468 1019 ‚
486 961 589 1024 quia
607 960 843 1006 turbabant
862 975 1004 1022 equos
1019 960 1190 1022 pedites
1211 960 1483 1020 intermixti,
1503 963 1621 1009 mul-

337 1033 393 1079 tis
416 1033 664 1080 labentibus
696 1050 752 1080 ex
777 1033 902 1096 equis
919 1069 932 1089 ‚
961 1045 1036 1079 aut
1057 1032 1359 1082 defilientibus
1377 1070 1391 1092 ‚
1421 1035 1500 1082 ubi
1517 1036 1620 1084 suos

338 1106 483 1168 premi
513 1106 850 1154 circumventos
872 1104 1083 1153 vidissent
1097 1141 1111 1162 ‚
1137 1103 1224 1165 jam
1245 1123 1403 1169 magna
1423 1123 1479 1152 ex
1498 1120 1622 1169 parte

337 1180 394 1225 ad
414 1179 546 1242 pedes
576 1196 722 1242 pugna
748 1179 880 1225 ierat:
914 1179 1062 1225 donec
1080 1178 1319 1238 Numidae,
1351 1180 1430 1244 qui
1447 1181 1493 1227 in
1516 1198 1622 1228 cor-

339 1253 472 1299 nibus
505 1264 631 1299 erant
652 1288 666 1311 ,
705 1252 994 1299 circumvecti
1030 1251 1293 1314 paululum,
1329 1253 1385 1299 ab
1417 1266 1545 1317 tergo
1578 1255 1622 1304 se

340 1322 644 1371 ostenderunt.
675 1327 715 1371 Is
743 1340 887 1386 pavor
906 1323 1098 1387 perculit
1116 1324 1376 1382 Romanos,
1405 1326 1622 1390 auxitque

339 1411 560 1457 pavorem
583 1394 775 1443 consulis
793 1395 959 1443 vulnus
975 1427 989 1451 ‚
1011 1395 1349 1460 periculumque
1372 1398 1622 1448 intercursu

339 1481 439 1516 tum
459 1470 653 1533 primum
683 1468 963 1533 pubescentis
981 1469 1060 1515 filii
1079 1469 1400 1531 propulsatum.
1433 1473 1519 1520 Hic
1537 1474 1624 1521 erit

339 1542 518 1605 juvenis
533 1579 547 1601 ‚
578 1561 714 1607 penes
737 1560 871 1606 quem
892 1542 1076 1606 perfecti
1098 1542 1278 1604 hujusce
1299 1544 1403 1590 belli
1424 1545 1517 1592 laus
1539 1545 1623 1605 est,

343 1616 583 1665 Africanus
603 1618 658 1664 ob
679 1616 899 1680 egregiam
919 1615 1154 1664 victoriam
1176 1617 1228 1662 de
1249 1617 1499 1664 Hannibale
1517 1619 1624 1664 Ροε-

343 1682 498 1752 hisque
535 1689 793 1752 appellatus.
830 1693 948 1753 Fuga
976 1702 1126 1737 tamen
1156 1689 1291 1736 effusa
1321 1688 1624 1751 iaculatorum

344 1763 538 1810 maxime
556 1763 661 1821 fuit,
676 1779 792 1825 quos
807 1761 975 1825 primos
990 1762 1195 1808 Numidae
1209 1762 1481 1811 invaserunt.
1499 1765 1626 1813 Alius

346 1836 579 1883 confertus
594 1835 816 1899 equitatus
837 1833 1067 1881 consulem
1085 1834 1132 1881 in
1152 1835 1346 1882 medium
1365 1849 1625 1900 acceptum,

348 1927 446 1956 non
474 1911 608 1958 armis
629 1911 798 1968 modo,
826 1909 897 1956 sed
927 1909 1060 1957 etiam
1081 1911 1354 1972 corporibus
1375 1912 1459 1960 suis
1477 1949 1491 1972 ,
1516 1931 1627 1976 pro-

349 1994 532 2046 tegens,
567 1984 614 2030 in
651 1982 816 2041 castra,
855 1981 1072 2046 nusquam
1105 1983 1277 2044 trepide
1317 1999 1459 2046 neque
1493 1984 1626 2032 effuse

349 2056 588 2115 cedendo,
619 2057 810 2104 reduxit.
846 2056 1021 2103 Servati
1059 2055 1253 2103 consulis
1285 2057 1417 2105 decus
1450 2059 1628 2106 Coelius

351 2128 408 2173 ad
438 2128 617 2176 servum
653 2129 836 2176 natione
859 2128 1066 2191 Ligurem
1102 2128 1285 2191 delegat.
1317 2129 1468 2175 malim
1495 2131 1627 2191 equi-

351 2199 452 2245 dem
483 2194 536 2247 de
563 2199 658 2247 filio
696 2217 853 2248 verum
885 2200 997 2259 effe,
1028 2201 1153 2264 quod
1173 2202 1222 2247 &
1239 2200 1387 2263 plures
1405 2201 1628 2248 tradidere

353 2272 554 2319 auctores
568 2309 581 2331 ‚
603 2275 652 2320 δε
674 2273 789 2320 fama
809 2273 1019 2320 obtinuit.

428 2344 610 2393 XLVII.
640 2347 743 2393 Hoc
773 2346 965 2408 primum
999 2363 1101 2392 cum
1131 2344 1379 2391 Hannibale
1413 2345 1627 2408 proelium

353 2414 465 2471 fuit3
483 2432 578 2478 quo
599 2416 729 2468 facile
747 2419 980 2481 apparuit,
994 2421 1044 2467 δε
1061 2418 1258 2481 equitatu
1277 2417 1509 2465 meliorem
1524 2420 1628 2465 Poe-

355 2502 465 2535 num
485 2487 602 2551 effe,
631 2492 682 2540 &
709 2490 772 2539 ob
800 2490 848 2538 id
869 2508 1052 2556 campos
1081 2503 1311 2558 patentes,
1343 2492 1495 2558 quales
1528 2490 1630 2539 sunt
