1701 3008
339 221 422 286 1JN
474 220 1157 268 Loc‚1,113.X11L-1v.
1325 237 1414 287 109

137 326 274 369 dabilis
301 328 496 381 exempli,
525 341 573 368 ne
609 329 710 379 apud
748 341 881 367 omnes
915 327 1031 369 Italos
1060 327 1286 367 alieniffimo
1319 336 1415 368 tem-

134 401 229 439 pore
254 389 430 430 Romana
459 390 553 430 fides
574 391 610 429 in
638 390 894 441 suspicionem
922 393 955 430 Sc
982 390 1114 429 odium
1146 392 1414 434 adduceretur.

194 451 357 491 XXVII.
390 452 433 491 In
461 462 633 491 extremo
670 451 786 491 Italiae
821 452 929 491 litore
958 461 1087 490 contra
1119 453 1287 492 Siciliam
1319 454 1418 494 Rhe-

137 513 242 564 gium
264 514 340 561 est,
369 514 490 553 Graeci
515 513 704 561 nominis,
735 514 974 564 temporibus
999 515 1071 553 illis
1096 516 1233 554 florens
1260 520 1293 555 ἃ.
1322 530 1420 567 opu-

138 574 242 614 lenta
271 575 414 615 civitas.
449 576 501 615 Ea
528 587 616 613 cum
641 575 808 613 adventu
830 574 958 625 Pyrrhi
981 588 1161 625 magnum
1191 579 1226 616 ὅ(
1251 577 1419 617 terribile

140 638 287 678 bellum
317 648 487 678 cerneret
520 638 766 689 consurgere,
795 649 974 689 praeterea
1007 638 1182 678 clastibus
1215 639 1419 689 Cartbagi-

138 702 325 741 nienfium
351 703 392 740 in
415 700 483 740 illo
507 702 602 740 mari
627 700 852 751 vagantibus
880 709 1106 749 terreretur,
1138 701 1254 740 diffisa
1276 703 1416 742 viribus

142 763 215 803 suis
239 761 500 802 arcessendum
528 776 549 801 a
577 762 764 802 Romanis
789 762 1003 812 praefidium
1031 763 1268 802 existimavit.
1307 763 1416 803 Missa

140 825 229 865 sunt
251 825 418 864 militum
442 824 562 864 millia
589 832 775 874 quatuor,
794 837 842 863 ex
857 825 1074 875 Campaniae
1096 824 1256 863 coloniis
1282 825 1422 876 scripta

143 902 303 937 manus,
321 891 356 928 ἅ
377 889 468 928 inde
489 887 592 939 legio
618 887 813 939 Campana
839 888 1052 938 appellata;
1080 887 1231 926 tribuno
1255 889 1424 929 militum

143 954 267 994 Decio
296 950 464 1001 Jubellio
498 951 726 990 deducente.
772 950 845 990 His
877 949 924 988 ab
960 950 1071 988 initio
1106 950 1262 999 quidem
1299 962 1421 999 neque

142 1015 240 1056 fides
267 1015 307 1054 in
339 1014 583 1054 defendenda
615 1012 733 1060 urbe,
759 1024 883 1062 neque
913 1010 1110 1062 diligentia
1137 1012 1270 1050 defuit.
1311 1011 1424 1050 Dein-

147 1080 216 1126 de,
241 1077 332 1128 quia
352 1074 444 1116 belli
470 1075 711 1126 propinquus
727 1082 851 1112 metus
875 1072 1001 1111 nullus
1018 1082 1118 1121 erat,
1140 1071 1327 1123 paulatim
1345 1073 1424 1111 otio

148 1143 184 1182 δε
209 1141 346 1181 Graecae
374 1137 659 1179 consuetudinis
680 1136 894 1175 imitatione
911 1138 950 1174 in
977 1135 1110 1174 luxum
1137 1134 1313 1183 resoluti,
1336 1149 1428 1186 prae-

146 1203 369 1254 sentemque
388 1203 543 1253 copiam
559 1213 648 1239 cum
674 1199 767 1239 dura
795 1200 830 1237 Sc
849 1197 1037 1244 laboriosa
1063 1197 1163 1244 vita,
1181 1209 1296 1247 quam
1324 1197 1429 1236 eous-

149 1279 224 1316 que
247 1274 430 1315 egerant,
461 1270 755 1314 comparantes,
782 1259 1111 1310 opportunitatem
1150 1259 1277 1307 urbis,
1310 1261 1344 1298 Sc
1374 1260 1429 1297 in-

150 1326 322 1367 colarum
345 1325 595 1373 felicitatem,
610 1323 784 1363 sermone
803 1321 1026 1372 cupiditatis
1052 1323 1086 1360 δι
1107 1321 1261 1359 invidiae
1287 1319 1430 1371 pleno,

150 1391 191 1429 in
219 1387 371 1428 circulis
399 1390 435 1428 Sc
461 1386 636 1438 hospitiis
664 1384 739 1424 suis
765 1385 909 1435 agitare
936 1392 1145 1434 coeperunt.

206 1450 389 1492 XXVIII.
419 1449 690 1490 Delectabatur
712 1460 758 1486 eo
783 1446 884 1486 facto
912 1446 1074 1493 Decius,
1098 1445 1161 1495 qui
1191 1447 1225 1485 8<
1249 1444 1327 1497 ipse
1349 1445 1430 1495 pari

154 1513 333 1554 vecordia
370 1513 532 1561 duetus,
560 1509 788 1549 sceleratum
826 1507 1061 1557 occupanda:
1092 1505 1194 1545 urbis
1235 1505 1431 1545 conlilium

153 1576 303 1628 pridem
324 1577 454 1615 animo
479 1580 720 1624 conceperat.
748 1570 915 1611 Favebat
933 1569 1080 1609 occalio
1105 1567 1292 1619 praesentis
1318 1567 1431 1616 belli,

157 1653 235 1690 quo
258 1638 400 1678 sciebat
425 1638 475 1676 ita
505 1636 675 1685 distringi
706 1634 903 1673 Romanos
920 1662 930 1680 ‚
952 1641 995 1670 ut
1019 1631 1231 1679 Rheginum
1263 1643 1342 1668 rem
1372 1643 1435 1668 cu-

156 1703 271 1742 raturi
291 1714 368 1739 non
393 1699 537 1738 essent:
565 1699 600 1736 ὁὶ
630 1697 670 1735 in
689 1693 845 1734 adverso
873 1692 984 1732 litore
1012 1692 1288 1738 Mamertinos,
1305 1703 1438 1729 exem-

158 1766 269 1819 plum
290 1763 396 1803 simul
421 1762 543 1801 felicis
564 1759 712 1799 sceleris
728 1788 739 1807 ,
761 1760 796 1797 ἅ
821 1755 949 1795 fimilis
977 1754 1141 1805 perfidiae
1170 1753 1272 1792 haud
1297 1754 1435 1793 dubios

159 1836 491 1880 propugnatores,
526 1831 705 1874 praeterea
741 1819 959 1859 communis
997 1817 1125 1868 patria:
1164 1815 1437 1854 necessitudine

162 1891 316 1939 junctos
332 1919 342 1935 ,
364 1886 595 1926 intuebatur.
622 1884 723 1924 Nam
738 1885 772 1922 &
790 1881 830 1920 hi
852 1893 898 1920 ex
921 1879 1131 1928 Campania
1147 1877 1298 1916 oriundi
1314 1908 1324 1924 ,
1348 1890 1436 1915 cum

163 1953 420 2004 superioribus
454 1952 561 1990 annis
587 1951 686 1988 inter
712 1945 933 1997 Agathoclis
961 1943 1100 1982 auxilia
1130 1941 1358 1992 stipendium
1388 1940 1441 1978 fe-

127 2031 131 2034 ·
164 2016 324 2064 disent,
349 2028 370 2054 a
398 2013 594 2054 Messeniis
619 2025 688 2062 pro
716 2010 846 2049 amicis
872 2006 1045 2055 excepti,
1075 2004 1220 2043 civibus
1246 2003 1441 2041 trucidatis

167 2087 233 2119 aut
253 2077 383 2127 ejectis
411 2074 546 2114 urbem
572 2080 880 2124 occupaverant,
899 2066 1109 2117 domosque
1127 2069 1161 2106 Sc
1178 2065 1355 2113 conjugia
1375 2063 1446 2102 mi·-

167 2142 335 2184 serotum
362 2140 458 2177 inter
485 2137 520 2176 se
545 2136 672 2186 partiti
700 2135 862 2173 fuerant.
896 2129 1024 2171 Etiam'
1038 2138 1206 2167 veterum
1231 2130 1444 2176 Campano-

169 2217 254 2244 rum
279 2201 430 2241 subibat
458 2199 664 2245 memoria,
688 2197 752 2247 qui
776 2196 944 2245 Capuam
969 2191 1236 2242 pofl'ederunt,
1260 2188 1368 2227 limili
1396 2187 1446 2226 la-

169 2267 334 2308 trocinio
359 2264 496 2306 Tuscis
525 2263 733 2302 ademtam.
855 2252 859 2257 ’

237 2328 394 2371 XXIX.
435 2327 533 2367 Cum
568 2336 624 2362 res
661 2321 747 2360 satis
780 2317 973 2369 placeret,
1000 2328 1043 2355 ea
1071 2312 1301 2353 consultatio
1324 2310 1448 2361 super-

176 2403 278 2443 erat,
302 2404 472 2444 quonam
497 2389 617 2430 modo
646 2386 793 2426 facinus
818 2383 976 2434 impune
1003 2387 1233 2431 patraretur,
1264 2386 1377 2421 nere,
1409 2380 1448 2410 ut

238 2507 258 2541 *ἶ
283 2504 414 2540 XXVI.
437 2502 558 2536 Zonar.
590 2501 658 2533 Dio
685 2512 737 2541 ap.
759 2498 854 2531 Fulv.
887 2495 908 2535 ,Ε
930 2492 1073 2527 XXVU.
1104 2491 1220 2532 Polyb.
1255 2500 1263 2521 1
1286 2513 1293 2526 ,
1320 2496 1348 2517 ¹7.
1377 2485 1450 2515 Ην,

184 2542 273 2596 Epic.
295 2562 344 2583 12.
364 2548 511 2588 ulvas,
531 2559 561 2591 3.
586 2547 606 2590 g
634 2543 792 2578 xxviii.
822 2540 938 2583 Polyb.
966 2541 987 2571 1.
1008 2548 1058 2570 21.
1083 2536 1154 2566 ιν..
1183 2548 1220 2572 ⁴,
1248 2543 1297 2571 ῃ.
