1701 3008
235 237 818 284 HISTORIARUM
865 236 992 282 LlB.
1044 235 1202 282 XXI.
1302 249 1388 297 395

104 346 224 394 inter
261 347 428 394 Padum
466 344 691 407 Alpesque
714 379 728 403 ,
771 343 892 390 bello
938 344 1134 407 gerendo
1173 343 1396 390 Romanis

105 432 237 482 aptos
267 437 363 468 non
392 418 491 464 ess'e.
523 421 675 480 ltaque
705 417 912 479 proxima
933 417 1065 462 nocte
1083 451 1095 473 ‚
1126 414 1248 476 juffis
1275 415 1397 462 mili·-

105 492 225 540 tibus
247 492 352 540 vasa
379 490 556 538 silentio
577 490 791 553 colligere
810 525 824 548 ,
857 489 992 536 castra
1013 489 1068 536 ab
1087 488 1256 535 Ticino
1290 504 1397 535 mo·-v

105 577 152 612 ta
170 601 183 623 ‚
216 565 565 627 festinatumque
585 563 641 609 ad
663 563 833 609 Padum
868 562 960 618 est;
992 577 1045 609 ut
1065 562 1235 608 ratibus
1251 597 1266 621 ‚
1293 560 1398 625 qui-

107 640 194 686 bus
219 638 430 701 junxerat
462 637 631 683 flumen
649 672 663 694 ‚
691 636 896 683 nondum
928 635 1165 695 resolutis,
1203 635 1294 682 fine
1323 646 1400 681 tu·-

106 713 255 761 multu
282 725 415 776 atque
441 709 730 757 insectatione
762 709 898 756 hostis
916 746 928 763 ‚
964 710 1120 771 copias
1158 707 1399 770 trajiceret.

107 787 234 834 Prius
254 785 523 834 Placentiam
547 800 818 846 pervenere,
848 800 982 846 quam
1010 782 1106 829 satis
1126 781 1256 830 sciret
1273 783 1400 828 Han-

108 860 231 907 nibal
258 859 313 906 ab
332 858 500 907 Ticino
521 856 775 918 profectos:
802 869 950 902 tamen
971 856 1026 902 ad
1043 855 1279 903 sexcentos
1297 871 1401 901 mo-

109 944 311 979 ratorum
346 932 393 978 in
424 931 634 979 citeriore
672 931 766 993 ripa
787 966 802 987 ,
831 929 1020 993 segniter
1047 941 1183 975 ratem
1213 927 1400 975 solven-

110 1016 205 1062 tes,
234 1004 367 1067 cepit.
401 1003 585 1051 transire
616 1019 711 1049 non
743 1001 896 1064 potuit
923 1013 1108 1063 pontem
1130 1037 1144 1057 ‚
1176 1012 1226 1046 ut
1245 1013 1399 1046 extre-

110 1094 183 1123 ma
215 1076 410 1123 resoluta
444 1087 600 1133 erant,
632 1087 727 1121 tota
756 1086 848 1121 rate
884 1074 931 1120 in
963 1073 1202 1120 secundam
1235 1088 1400 1136 aquam

110 1150 300 1197 labente.
337 1150 510 1197 Coelius
541 1150 698 1196 auctor
727 1148 814 1205 est,
851 1149 1099 1211 Magonem
1132 1164 1236 1193 cum
1273 1145 1401 1209 equi-

110 1236 208 1272 tatu
236 1226 285 1272 &
305 1223 511 1286 Hispanis
541 1222 767 1286 peditibus
793 1220 963 1267 flumen
994 1218 1226 1281 extemplo
1256 1216 1401 1264 trans-

111 1298 260 1353 nass'e3
290 1297 433 1360 ipsum
457 1294 758 1343 Hannibalem
794 1310 872 1357 per
896 1291 1125 1356 superiora
1158 1290 1402 1337 Padivada

112 1369 359 1416 exercitum
380 1367 648 1425 traduxisse,
681 1365 931 1429 elephantis
954 1365 1002 1411 in
1029 1363 1236 1411 ordinem
1258 1362 1313 1409 ad
1332 1361 1403 1408 su-

112 1442 367 1491 stinendum
398 1441 614 1504 impetum
646 1439 843 1486 fluminis
880 1437 1115 1502 oppositis.
1151 1438 1215 1483 Ea
1246 1435 1403 1499 peritis

113 1515 258 1562 amnis
294 1514 387 1576 ejus
420 1514 497 1561 vix
533 1511 668 1558 fidem
702 1511 905 1559 fecerint.
952 1527 1054 1556 nam
1090 1525 1235 1572 neque
1269 1507 1402 1571 equi-

115 1600 208 1650 te3‚
242 1588 375 1636 armis
412 1585 625 1650 equisque
665 1583 832 1643 salvis,
869 1595 1039 1630 tantam
1072 1581 1170 1629 vim
1202 1579 1403 1627 fluminis

117 1661 333 1724 superasse
370 1657 609 1710 verifimile
644 1656 738 1715 est,
772 1668 823 1703 ut
855 1655 945 1718 jam
978 1653 1203 1717 Hispanos
1242 1668 1403 1699 omnes

117 1735 260 1783 inflati
298 1731 627 1782 transvexerint
663 1742 817 1777 utres:
861 1731 910 1777 &
945 1727 1193 1774 multorum
1227 1724 1404 1772 dierum

117 1807 313 1855 circuitu
350 1806 455 1853 Padi
493 1803 609 1853 vada
643 1802 832 1865 petenda
869 1801 1070 1858 fuerant,
1104 1816 1194 1862 qua
1228 1799 1406 1845 exerci-

118 1895 192 1929 tus
229 1881 378 1945 gravis
414 1876 744 1943 impedimentis
784 1875 952 1923 traduci
988 1873 1145 1937 poffet.
1193 1871 1404 1920 Potiores

120 1956 248 2019 apud
270 1971 341 2002 me
373 1954 573 2000 auctores
603 1951 730 2008 sunt,
767 1949 845 2013 qui
870 1948 1011 1996 biduo
1045 1946 1124 1994 vix
1153 1945 1310 1992 locum
1331 1961 1404 1991 ra-

117 2038 163 2073 te
195 2025 426 2090 jungendo
466 2023 643 2070 flumini
681 2023 915 2071 inventum
956 2018 1170 2074 tradunt3
1211 2033 1261 2063 ea
1299 2033 1404 2063 cum

120 2104 319 2165 Magone
350 2101 521 2164 equites
546 2097 849 2160 Hispanorum
877 2094 1113 2158 expeditos
1143 2091 1405 2156 praemiss‘os.

121 2175 228 2221 dum
261 2174 525 2232 Hannibal,
558 2172 677 2220 circa
705 2171 874 2218 flumen
903 2167 1202 2232 legationibus
1239 2164 1406 2211 Gallo-

122 2265 222 2295 rum
254 2247 485 2296 audiendis
520 2258 750 2304 moratus,
789 2244 953 2305 trajicit
984 2241 1167 2307 gravius
1202 2239 1406 2302 peditum

123 2341 312 2386 agmen,
347 2324 528 2370 interim
561 2325 695 2385 Mago
728 2320 984 2383 equitesque
1018 2318 1073 2366 ab
1103 2315 1288 2364 tranfitu
1316 2315 1407 2360 ssu-

122 2395 256 2442 minis
283 2396 372 2442 diei
402 2395 534 2442 unius
561 2394 718 2441 itinere
735 2392 1008 2441 Placentiam
1038 2389 1092 2438 ad
1116 2389 1263 2436 hostes
1294 2402 1405 2432 con-

124 2468 328 2514 tendunt.
361 2467 588 2514 Hannibal
618 2466 772 2530 paucis
801 2465 902 2529 post
929 2464 1083 2511 diebus
1108 2462 1183 2509 sex
1211 2459 1350 2507 millia
1382 2475 1408 2505 a

123 2540 351 2590 Placentia
383 2540 522 2590 castra
550 2539 891 2596 communivit,
925 2540 976 2588 &
1006 2536 1190 2601 postero
1224 2533 1322 2592 die,
1360 2532 1407 2578 3¹¹
