1701 3008
332 208 426 257 354
677 192 1249 240 T1T1L1V11

254 356 263 361 Α
331 301 393 349 ris
429 299 636 357 mobilis,
666 298 820 346 omnia
850 298 1130 347 munimenta
1160 300 1285 348 urbis
1317 300 1524 365 superans
1552 303 1615 351 ab

331 374 523 421 titudine
541 408 556 431 ‚
587 372 821 435 agebatur,
851 373 1059 419 hortator
1086 373 1251 421 aderat.
1285 391 1385 438 quae
1418 392 1520 423 cum
1541 377 1617 422 ad-

331 457 455 493 mota
476 480 490 502 ‚
538 443 770 505 catapultis
807 443 1077 508 ballistisque
1113 462 1192 507 per
1228 447 1383 493 omnia
1418 448 1615 495 tabulata

331 515 552 578 dispositis
569 550 583 573 ‚
602 532 757 562 muros
783 515 1091 562 defensoribus
1112 517 1338 572 midaffet3
1370 529 1465 563 tum
1487 519 1615 564 Han-

332 589 453 637 nibal
471 625 485 647 ,
518 588 801 635 occasionem
832 602 951 635 ratus
970 625 985 646 ‚
1018 589 1290 653 quingentos
1319 588 1459 635 ferme
1479 589 1616 637 Afros

330 679 437 709 cum
465 660 661 707 dolabris
697 661 752 707 ad
781 659 1082 708 subruendum
1104 661 1160 707 ab
1181 662 1276 708 imo
1308 678 1488 708 murum
1507 662 1617 708 mit-

331 732 400 780 tit.
433 749 515 779 nec
538 743 631 778 erat
657 727 839 778 difficile
859 748 1002 794 opus,
1021 732 1154 797 quod
1172 746 1388 780 caementa
1407 750 1502 780 non
1524 733 1618 781 cal-

332 821 383 852 ce
413 806 566 851 durata
584 816 738 861 erant,
765 804 838 850 sed
862 804 1056 851 interlita
1080 804 1177 852 luto
1194 841 1209 865 ‚
1243 805 1470 852 struiturae
1498 807 1617 854 anti-

332 894 432 940 quae
453 892 623 939 genere.
651 878 802 938 ltaque
823 875 1125 938 latius,quam
1145 876 1392 923 caederetur
1406 913 1420 935 ,
1437 878 1616 925 ruebat:

333 966 503 1013 perque
537 948 731 1011 patentia
763 947 904 993 ruinis
944 948 1120 1010 agmina
1154 960 1430 995 armatorum
1460 950 1505 996 in
1543 967 1617 996 ur-

332 1022 435 1069 bem
453 1021 690 1067 vadebant.
712 1022 886 1066 Locum
908 1035 1095 1082 quoque
1114 1020 1280 1066 editum
1298 1021 1500 1083 capiunt:
1521 1021 1617 1069 col-

333 1093 523 1156 latisque
553 1110 608 1139 eo
638 1093 870 1156 catapultis
901 1092 1195 1156 ballistisque,
1228 1105 1279 1140 ut
1310 1094 1534 1141 castellum
1569 1096 1618 1143 in

333 1166 424 1229 ipsa
455 1165 567 1213 urbe
592 1167 718 1214 velut
737 1184 887 1213 arcem
915 1166 1223 1213 imminentem
1241 1167 1459 1215 haberent
1476 1204 1490 1226 ‚
1518 1185 1619 1214 mu-

334 1256 388 1286 ro
414 1240 716 1287 circumdant:
749 1241 799 1287 &
819 1239 1053 1303 Saguntini
1080 1257 1259 1287 murum
1281 1240 1541 1298 interiorem
1563 1240 1618 1287 ab

336 1314 539 1360 nondum
573 1325 698 1376 capta
718 1313 839 1360 urbis
867 1323 990 1375 parte
1020 1313 1203 1361 ducunt.
1241 1314 1466 1378 Utrinque
1500 1313 1617 1361 sum-

335 1403 406 1432 ma
426 1386 473 1433 vi
491 1387 540 1433 ὅ(
561 1386 791 1442 muniunt,
811 1386 860 1432 &
880 1397 1106 1449 pugnant:
1127 1385 1224 1444 sed,
1245 1385 1461 1435 interiora
1483 1398 1618 1433 tuen-

335 1459 421 1514 do,
452 1460 673 1505 minorem
703 1459 749 1503 in
776 1459 867 1503 <lies
898 1457 1053 1503 urbem
1072 1457 1304 1521 Saguntini
1335 1458 1520 1506 faciunt.
1551 1459 1618 1506 Si-

336 1530 428 1577 mul
466 1531 622 1577 crescit
652 1530 809 1592 inopia
851 1529 1055 1575 omnium
1093 1529 1228 1593 longa
1266 1531 1530 1589 obsidione,
1568 1533 1620 1580 &

336 1603 555 1650 minuitur
576 1602 842 1666 exspe&atio
867 1613 1063 1648 externae
1092 1602 1225 1665 opis3
1260 1621 1360 1650 curn
1386 1615 1476 1650 tam
1504 1621 1616 1667 pro-

339 1674 411 1721 cul
432 1675 654 1734 Romani,
684 1675 816 1721 unica
844 1673 966 1736 spes,
1000 1674 1118 1721 circa
1153 1676 1305 1723 omnia
1333 1676 1529 1723 hostium
1550 1675 1618 1723 es-

337 1749 446 1796 sent.
482 1750 704 1813 Paulisper
723 1764 870 1796 tamen
892 1749 1070 1795 affeEtos
1090 1750 1265 1802 animos
1296 1751 1519 1798 recreavit
1548 1767 1619 1798 re·

338 1824 522 1886 pentina
548 1823 769 1887 profeffio
793 1823 1054 1870 Hannibalis
1081 1825 1127 1869 in
1151 1827 1379 1873 Oretanos
1399 1828 1617 1888 Carpeta-

339 1895 525 1958 nosque.
560 1896 638 1959 qui
669 1896 760 1942 duo
793 1894 985 1957 populi,
1016 1896 1207 1944 dele&tis
1232 1898 1470 1945 acerbitate
1501 1913 1618 1943 con-

339 1966 519 2012 sternati
536 2003 548 2025 ‚
569 1967 750 2014 retentis
770 1967 1176 2030 conquifitoribus‚
1206 1981 1375 2016 metum
1406 1967 1622 2014 defeffio-

340 2038 409 2083 nis
435 2055 536 2084 cum
566 2037 850 2099 praebuissent
867 2073 880 2095 ,
915 2040 1109 2100 oppressi
1139 2040 1363 2088 celeritate
1385 2039 1618 2093 Hannibaq

341 2109 393 2156 lis
411 2145 425 2166 ‚
459 2110 704 2156 omiserunt
719 2122 848 2171 'mota
868 2111 1053 2168 annae-L

407 2182 506 2227 XII.
543 2183 639 2228 Nec
658 2181 839 2244 Sagunti
863 2179 1141 2245 oppugnatio
1168 2179 1345 2243 segnior
1365 2188 1486 2236 erat,
1518 2179 1622 2225 Ma·

342 2252 518 2298 harbale
539 2289 553 2309 ,
584 2253 865 2301 Himilconis·
886 2253 982 2300 filio
1002 2290 1017 2311 ,
1051 2254 1179 2317 (eum
1207 2251 1465 2315 praefecerat
1489 2253 1616 2298 Han-

342 2322 493 2385 nibal)
532 2324 588 2370 ita
629 2326 816 2387 impigre
849 2342 941 2370 rem
971 2336 1159 2388 agente,
1198 2335 1247 2369 ut
1283 2324 1441 2370 ducem
1477 2323 1617 2370 abesse

343 2411 426 2441 nec
459 2395 607 2452 cives,
644 2412 724 2441 nec
757 2395 901 2441 hostes
928 2396 1152 2442 sentirent.
1197 2398 1233 2441 Is
1267 2396 1315 2442 &
1354 2395 1511 2458 proelia
1538 2394 1620 2440 ali·-

344 2478 458 2530 quot
491 2466 680 2517 secunda
711 2466 844 2529 fecit,
877 2469 926 2518 &
952 2466 1093 2517 tribus
1126 2466 1336 2527 arietibus
1365 2468 1617 2532 aliquantu-
