1701 3008
250 201 847 252 HISTORIARUM
898 201 1031 249 ΜΒ,
1089 201 1151 251 X.
1315 219 1381 265 47

90 314 252 363 Fulvio
275 326 559 377 propraetore
582 329 652 359 res
680 328 735 358 ex
760 309 975 357 sementia
999 309 1143 373 gesta3
1168 310 1244 369 &‚
1265 326 1381 373 prae-

89 400 156 434 ter
188 387 415 451 ingentem
451 386 614 433 illatam
650 382 1026 447 populationibus
1060 398 1271 445 agrorum
1294 383 1385 429 ho-

89 461 141 507 sti
179 460 379 517 cladem,
415 469 657 523 pugnatum
692 456 825 502 etiam
860 454 1034 517 egregie
1066 453 1171 502 est:
1209 455 1385 501 Perust-

78 551 349 599 ¹florumque
375 536 422 581 &
445 532 737 579 Clusinorum
759 527 867 575 caesa
893 529 1085 591 amplius
1108 527 1246 574 millia
1272 529 1372 582 tria
1370 568 1388 590 ‚

90 608 142 654 &
172 607 289 670 signa
324 603 532 651 militaria
560 601 616 647 ad
648 599 817 663 viginti
848 611 990 658 capta.
1022 598 1286 646 Samnitium
1315 619 1391 663 ag-

93 697 226 737 men,
261 696 363 726 cum
396 693 474 737 per
508 675 741 733 Pelignum
774 687 926 730 agrum
960 668 1163 730 fugeret,
1192 672 1390 723 circum-

93 761 283 794 ventum
306 763 330 792 a
350 742 541 806 Pelignis
561 742 637 789 est.
677 758 733 787 ex
753 740 951 786 millibus
968 739 1175 803 quinque
1194 741 1249 785 ad
1267 743 1393 789 mille

94 819 207 868 caefi.
243 821 409 882 Magna
432 816 525 879 ejus
548 814 667 873 diei,
688 829 782 876 quo
804 812 851 858 in
873 811 1091 858 Sentinati
1118 828 1229 875 agro
1250 812 1391 861 bella-

92 909 188 941 tum
209 930 222 951 ‚
256 892 373 940 fama
405 891 492 949 est,
524 888 657 937 etiam
688 903 803 935 vero
837 885 977 932 stanti.
1019 883 1092 931 sed
1115 884 1392 949 superjecere

94 965 277 1028 quidam
313 964 523 1025 augendo
562 961 728 1015 fidem3
766 959 845 1021 qui
876 958 924 1004 in
958 957 1153 1005 hostium
1190 962 1393 1008 exercitu

96 1038 297 1101 peditum
327 1034 619 1098 quadraginta
639 1028 779 1075 millia
796 1040 1026 1074 trecentos
1047 1031 1250 1090 triginta,
1270 1035 1396 1093 equi-

98 1125 194 1157 tum
223 1111 296 1159 sex
324 1107 490 1165 millia,
510 1104 634 1152 mille
658 1113 978 1164 carpentorum
1005 1101 1211 1165 scripsere
1237 1103 1391 1152 fuisse:

98 1182 265 1231 scilicet
294 1199 399 1229 cum
425 1179 610 1228 Umbris
628 1175 876 1240 Tuscisque
893 1211 907 1234 ,
926 1192 1041 1239 quos
1068 1177 1117 1224 &
1138 1176 1258 1240 ipsos
1278 1195 1392 1243 pug-

98 1274 167 1303 nae
201 1254 378 1302 affuisse.
425 1254 505 1311 ὃς,
529 1265 578 1298 ut
608 1252 926 1297 Romanorum
958 1265 1147 1313 quoque
1178 1263 1394 1314 augerent

41 1370 44 1372 .
102 1330 258 1392 copias
276 1364 290 1387 ,
319 1330 369 1374 L.
390 1324 687 1374 Volumnium
712 1340 798 1387 pro
829 1321 1199 1378 consuleducem
1230 1323 1394 1371 consu-·'

101 1403 244 1461 libus,
275 1401 614 1463 exercitumque
645 1397 740 1460 ejus
770 1395 1026 1460 legionibus
1055 1395 1289 1443 consulum
1319 1398 1396 1444 ad-

100 1475 275 1539 jiciunt.
304 1478 354 1520 ln
377 1472 578 1537 pluribus
600 1471 835 1518 annalibus
863 1470 1057 1516 duorum
1082 1487 1134 1516 ea
1159 1470 1395 1518 consulum

102 1549 288 1612 propria
319 1547 511 1595 vi&oria
544 1545 618 1592 est.
666 1545 941 1591 Volumnius
973 1545 1020 1590 in
1059 1545 1243 1591 Samnio
1277 1545 1397 1592 inte-

104 1622 189 1669 rim
223 1639 292 1668 res
320 1620 435 1684 gerit
456 1656 470 1678 ,
496 1619 850 1683 Samnitiumque
876 1617 1150 1680 exercitum,
1180 1618 1227 1664 in
1247 1617 1400 1666 Tifer-

105 1714 214 1743 num
247 1710 449 1743 montem
480 1694 762 1756 compulsum
784 1730 797 1751 ‚
837 1711 933 1740 non
967 1693 1202 1741 deterritus
1232 1693 1398 1758 iniqui-

107 1782 197 1817 tate
216 1768 307 1815 loci
321 1803 335 1826 ‚
353 1767 501 1813 fundit
521 1765 750 1829 fugatque.-
766 1767 827 1826 Q,
850 1766 1025 1824 Fabius,
1049 1765 1262 1813 Deciano
1281 1782 1403 1812 exer-

109 1842 203 1889 citu
230 1841 387 1887 relicto
416 1842 462 1887 in
493 1840 670 1886 Etruria
689 1876 702 1897 ‚
724 1838 810 1886 suis
840 1839 1093 1902 legionibus
1126 1839 1324 1886 deduffis
1346 1840 1402 1885 ad

110 1914 294 1971 urbem,
316 1914 370 1958 de
395 1913 538 1959 Gallis
559 1911 840 1975 Etruscisque
865 1929 916 1958 ac
943 1910 1216 1958 Samnitibus
1240 1911 1405 1957 trium-

110 1986 284 2053 phavit.
305 1985 467 2032 milites
483 1986 836 2048 triumphantem
857 1984 993 2031 secuti
1013 1983 1128 2032 sunt.
1165 1983 1403 2030 Celebrata

112 2059 359 2131 inconditis
387 2058 658 2106 carminibus
686 2059 952 2105 militaribus
972 2073 1068 2103 non
1091 2057 1229 2121 magis
1256 2058 1405 2107 νὶξὶο-

114 2135 177 2182 ria
197 2136 256 2194 Q.
277 2132 422 2191 Fabii,
447 2149 582 2196 quam
612 2148 736 2179 mors
758 2131 969 2195 praeclara
996 2131 1051 2177 Ρ.
1063 2131 1201 2177 Decii
1222 2130 1307 2177 est:
1327 2147 1405 2177 ex-

117 2207 334 2269 citataque
363 2205 582 2252 memoria
609 2205 834 2268 parentis,
856 2215 1029 2268 aequata
1061 2215 1227 2251 eventu
1257 2202 1404 2266 publi*

116 2296 174 2327 co
207 2280 478 2343 privatoque
505 2276 587 2324 filii
613 2277 830 2325 laudibus.
874 2278 995 2324 Data
1027 2293 1082 2322 ex
1113 2276 1258 2338 praecla
1285 2273 1406 2321 mili-

119 2354 234 2400 tibus
263 2354 361 2400 aeris
390 2352 602 2416 oelogeni
630 2351 723 2398 bini
742 2387 756 2410 ‚
778 2350 964 2414 sagaque
993 2352 1042 2397 &
1064 2350 1258 2405 tunicae;
1290 2365 1404 2411 prze-

120 2427 207 2474 mia
228 2427 302 2472 illa
322 2427 580 2490 tempestate
599 2426 771 2473 militiae
789 2425 1126 2489 haudquaquam
1146 2422 1405 2486 spernenda„

188 2500 368 2547 XXX1.
404 2501 484 2546 His
511 2501 572 2547 ita
600 2500 731 2548 rebus
763 2500 918 2564 gestis,
949 2514 1031 2546 nec
1059 2498 1105 2544 in
1135 2494 1405 2543 §anitiitibus
