1701 3008
309 139 374 197 64
660 135 885 183 T1T1
961 135 1269 204 Liv11,

307 249 439 310 giam&
458 245 691 307 auspicium
724 247 787 312 est.
831 242 1191 291 Centurionibus
1219 244 1379 292 deinde
1410 244 1612 311 impera⁴

311 321 413 378 vit,
441 331 491 365 ut
527 318 745 381 pullarios
781 317 898 363 inter
930 317 1076 380 prima
1109 317 1230 381 figna
1267 314 1608 371 constituerent.

309 396 598 443 Promovent
623 393 672 439 &
696 390 917 438 Samnites
938 391 1057 454 signa
1076 427 1090 449 ‚
1114 391 1360 455 insequitur
1386 394 1502 442 acies
1529 412 1610 442 or-

311 479 414 515 nata
449 477 739 528 armataque,
771 476 822 510 ut
862 462 1056 509 hostium
1093 481 1279 528 quoque
1318 466 1609 530 magnificum

307 540 605 604 speciaculum
621 539 738 586 effer.
767 538 1028 599 Priusquam
1040 537 1221 584 clamor
1236 540 1487 600 tolleretur,
1504 559 1610 590 con·

306 628 684 675 currereturque‚
715 609 871 657 emisso
907 622 1075 657 temere
1107 611 1202 672 pilo
1241 613 1350 661 ictus
1389 616 1609 678 pullarius

310 698 413 734 ante
439 683 558 745 signa
583 679 761 727 cecidit.
793 680 919 743 quod
948 680 1026 725 ubi
1047 681 1222 726 consuli
1251 687 1505 729 nuntiatum
1525 687 1608 743 est,

309 760 398 804 Dii
431 760 476 802 in
503 758 655 817 proelio
679 755 814 814 fient,
847 752 996 815 inquit
1011 772 1031 809 ;
1072 755 1194 799 habet
1217 771 1387 816 poerzanz
1424 761 1606 804 noxium

309 846 447 891 caput.
482 831 599 873 Ante
631 826 864 873 consulem
895 826 992 871 haec
1026 824 1251 873 dicentem
1287 844 1454 877 corvus
1485 846 1608 877 voce

311 903 432 949 clara
468 899 687 946 occinuit.
744 915 837 961 quo
876 897 1004 944 laetus
1040 898 1227 961 augurio
1263 900 1454 957 consul,
1485 899 1610 944 affir-

311 991 437 1022 mans
471 988 699 1033 nunquam
726 970 931 1017 humanis
966 966 1098 1010 rebus
1119 969 1254 1028 magis
1275 969 1513 1028 praesentes
1535 970 1609 1017 in-

310 1043 510 1091 terfuiss'e
549 1041 679 1089 Deos
700 1075 713 1098 ,
747 1042 869 1103 signa
903 1054 1096 1096 canere,
1137 1039 1186 1084 ὅ(
1218 1037 1463 1088 clamorem
1505 1044 1609 1089 tolli

309 1120 446 1184 justit.

377 1194 492 1240 XLI.
513 1188 733 1237 Proelium
764 1186 1046 1234 commissum
1074 1197 1232 1245 atrox,
1252 1199 1451 1235 ceterum
1469 1188 1608 1253 longe

313 1265 560 1330 disparibus
596 1261 770 1309 animis.
807 1262 1042 1307 Romanos
1076 1259 1139 1306 ira
1159 1296 1172 1317 ,
1193 1259 1288 1323 spes
1308 1296 1320 1319 ‚
1343 1262 1480 1309 ardor
1509 1279 1609 1310 cer-

311 1338 522 1396 taminis,
554 1336 717 1383 avidos
745 1335 940 1381 hostium
970 1332 1194 1398 sanguinis
1223 1333 1270 1380 in
1292 1334 1506 1396 proelium
1538 1353 1609 1383 ra-

312 1414 410 1475 pit:
443 1409 708 1457 Samnitium
745 1425 950 1472 magnam
982 1420 1150 1470 partem
1187 1408 1417 1455 neceffitas
1451 1426 1504 1457 ac
1538 1425 1609 1456 re-

313 1485 427 1550 ligio
450 1483 622 1531 invitos
641 1482 779 1544 magis
797 1481 994 1528 refistere
1011 1518 1024 1540 ‚
1045 1499 1179 1546 quam
1199 1481 1366 1528 inferre
1384 1494 1610 1546 pugnam,¹

315 1556 455 1620 cogit.
498 1570 581 1601 nec
620 1553 917 1600 sustinuissent
951 1554 1147 1617 primum
1193 1553 1438 1601 clamorem
1475 1567 1610 1618 atque

313 1631 534 1693 impetum
554 1628 899 1685 Romanorum,
924 1644 1004 1690 per
1031 1628 1208 1691 aliquot
1231 1626 1317 1689 jam
1338 1644 1483 1675 annos
1502 1628 1611 1674 vin-

316 1702 359 1750 ci
388 1699 541 1748 assueti
560 1736 575 1756 ,
600 1699 647 1744 ni
673 1699 909 1761 potentior
929 1701 1039 1747 alius
1069 1713 1211 1747 metus
1232 1700 1423 1747 insidens
1449 1702 1609 1763 pecto-

315 1775 438 1822 ribus
467 1792 492 1820 a
521 1772 626 1837 fuga
656 1772 880 1819 retineret.
917 1774 1102 1836 Quippe
1129 1773 1174 1820 in
1204 1773 1348 1819 oculis
1379 1786 1474 1820 erat
1506 1790 1611 1820 om-

316 1848 386 1895 nis
410 1848 486 1894 ille
513 1846 684 1893 occulti
713 1858 893 1908 paratus
922 1846 1060 1904 sacri,
1081 1848 1130 1893 ὅ(
1151 1846 1304 1892 armati
1327 1845 1576 1893 sacerdotes
1591 1882 1609 1905 ,

316 1925 369 1970 ὃς
401 1920 656 1985 promiscua
698 1921 939 1968 hominum
981 1920 1293 1983 pecudumque
1333 1918 1490 1982 strages
1511 1955 1525 1978 ‚
1557 1921 1612 1968 &t

315 1994 523 2058 respersae
555 1995 692 2040 fando
721 1993 1007 2057 nefandoque
1040 1993 1251 2057 sanguine
1285 2009 1398 2047 arae,
1431 1993 1480 2038 &
1513 1991 1609 2041 dira

316 2069 566 2116 exsecratio
583 2102 598 2123 ‚
628 2086 680 2116 ac
714 2068 872 2114 furiale
905 2084 1082 2114 carmen
1100 2103 1112 2122 ‚
1136 2065 1402 2113 detestandae
1426 2063 1609 2110 familiae
1648 2117 1651 2120 ,

316 2142 531 2205 stirpique
564 2141 883 2204 compositum.
930 2140 996 2186 his
1027 2140 1225 2204 vinculis
1257 2139 1373 2201 fugae
1408 2136 1609 2183 obstricti

317 2214 487 2262 stabant
504 2251 518 2273 ‚
541 2216 692 2262 civem
718 2215 855 2279 magis
873 2251 887 2271 ‚
909 2231 1040 2277 quam
1062 2213 1231 2259 hostem
1248 2248 1260 2270 ‚
1280 2212 1502 2272 timentes.
1533 2212 1611 2256 In·-

317 2288 430 2334 stare
462 2289 700 2334 Romanus
730 2305 754 2334 a
784 2304 930 2334 cornu
960 2299 1182 2350 utroque,
1203 2302 1226 2331 a
1246 2285 1390 2330 media
1419 2283 1534 2340 acie,
1555 2284 1609 2330 ὃς

317 2362 488 2410 caedere
514 2363 722 2409 Deorum
754 2361 1088 2422 hominumque
1114 2359 1336 2405 attonitos
1369 2370 1506 2403 metu.
1539 2372 1610 2401 re·

315 2447 540 2500 pugnatur
572 2433 795 2499 segniter,
815 2444 864 2480 ut
893 2432 947 2480 ab
977 2431 1062 2491 iis,
1084 2447 1201 2496 quos
1234 2430 1373 2480 timor
1405 2444 1608 2494 morare-g
