1701 3008
280 222 378 276 '234
442 214 533 261 JO.
565 207 1066 258 FREINSHEMII
1099 205 1455 254 SUPPLEM.'

329 321 485 375 jurando
499 318 672 371 adstriezus
688 316 869 353 rediturum
880 313 920 366 ft
943 313 1184 365 Carthaginem
1194 342 1205 360 ,
1236 329 1247 350 ι
1262 311 1458 351 commutari
1469 310 1557 364 cap}

337 385 431 422 rivos
443 397 512 420 non
532 379 710 434 placufft
722 395 737 427 ,·
752 390 927 431 utrumque
941 377 1089 430 negandi
1106 379 1218 415 auHor
1230 375 1372 430 senatui
1384 374 1479 427 ficit:
1493 374 1551 422 δ’,

335 460 410 486 cum
425 445 499 495 fide
527 444 693 497 custodita
717 442 870 494 reverfits
894 439 996 492 ffb,
1013 438 1189 492 supplicio
1211 453 1236 477 a
1265 436 1558 491 Carthaginienfi-

336 507 401 545 bus
425 506 465 543 de
491 518 530 542 eo
544 505 661 557 sumto
677 533 691 552 ,
709 502 826 556 periit.

284 669 314 718 I.
340 619 709 709 CONSULATUM
738 664 878 705 deinde
908 663 950 705 L.
976 662 1147 704 Manlius
1169 663 1210 703 A.
1233 661 1275 702 F.
1303 661 1344 702 P.
1365 662 1416 702 N.
1439 660 1559 711 vulgo

287 732 444 783 Longus
466 731 576 770 inivit
591 761 602 779 ‚
628 732 661 770 Sc
682 730 730 779 Q.
753 728 937 768 Caedicius
955 728 1004 778 Q
1025 726 1065 766 F.
1086 727 1134 776 Q.
1159 727 1208 766 N.
1235 725 1296 764 cui
1311 725 1347 763 in
1369 724 1559 775 magistra-

288 801 331 833 tu
355 805 509 832 mortuo
536 791 714 831 suffectus
740 791 790 829 est
819 790 876 830 M.
901 788 1035 829 Atilius
1068 788 1125 828 M.
1154 787 1194 827 F.
1222 787 1262 826 L.
1288 787 1340 827 N.
1363 785 1561 836 Regulus,

288 858 356 907 qui
370 854 484 895 semel
499 854 630 894 consul
645 854 780 893 fuerat.
815 854 901 893 Hoc
919 864 1018 891 anno
1036 851 1190 889 demum
1205 848 1330 889 Africa
1344 877 1355 895 ,
1375 860 1456 897 quae
1472 845 1565 885 hac-

289 927 400 958 tenus
431 916 599 955 cladium
622 914 818 953 hostilium
842 912 968 952 exsors
984 918 1110 962 egerat
1125 942 1136 959 ‚
1152 910 1288 949 sentire
1314 907 1457 947 bellum
1485 919 1565 944 coe*

285 979 364 1030 pit,
381 977 564 1019 Romanis
587 977 628 1015 in
654 990 736 1016 eam
761 974 926 1026 ingressis
943 1005 953 1022 ,
974 973 1171 1024 postquam
1196 968 1562 1020 Carthaginienssum

225 1079 226 1084 ,
286 1040 438 1080 classem
458 1053 596 1091 magna
622 1043 750 1089 pUgna
765 1036 949 1076 viciffent.
981 1037 1086 1085 Quae,
1106 1033 1160 1072 uti
1190 1033 1288 1083 gesta
1315 1031 1410 1080 sint,
1433 1029 1562 1081 ipsius-

287 1117 360 1154 que
387 1103 527 1155 Reguli
555 1111 755 1152 utramque
784 1101 1000 1148 fortunam,
1036 1102 1071 1139 ὃς
1097 1098 1299 1148 indignum
1329 1095 1397 1135 viri
1423 1095 1564 1134 virtute

286 1166 456 1214 exitum,
476 1165 551 1204 hoc
573 1153 942 1214 libro'exponemus.
972 1163 1081 1202 Anno
1097 1160 1288 1210 superiore
1313 1170 1402 1197 cum
1426 1157 1466 1197 C.
1484 1156 1565 1196 Ati-

287 1227 340 1268 lio
358 1228 511 1268 consule
532 1225 860 1278 Carthaginienses
882 1226 935 1265 ita
962 1222 1099 1274 proelio
1124 1221 1247 1262 navali
1266 1220 1562 1268 contenderent,

286 1300 330 1331 ut
365 1304 581 1341 quanquam
607 1289 673 1340 ipsi
702 1288 871 1339 pluribus
897 1286 1036 1325 amissis
1070 1285 1231 1324 navibus
1260 1296 1388 1334 pugna
1417 1283 1567 1333 priores.

287 1351 544 1398 exeessiffent,
576 1360 703 1390 tamen
744 1350 832 1399 quia
857 1349 1049 1388 Romanas
1081 1348 1196 1385 etiam
1227 1345 1373 1395 aliquoi:
1399 1343 1566 1384 submer=

284 1414 430 1463 serant,
455 1414 491 1453 se
520 1426 597 1453 non
627 1412 823 1452 inferiores
855 1409 963 1450 fuisse
990 1410 1324 1459 interpretarentur
1348 1420 1356 1447 z
1397 1405 1563 1446 Romani

289 1484 422 1515 contra
441 1486 620 1515 eventum
642 1488 728 1513 eum
753 1487 822 1524 pro
842 1472 998 1523 vietoria
1021 1470 1122 1509 haud
1139 1469 1254 1510 dubia
1271 1468 1561 1519 computabant.

285 1540 346 1581 Ita
357 1540 493 1588 fiebat,
557 1553 561 1557 ’
610 1553 630 1579 e
645 1541 680 1579 ἃ
696 1538 835 1578 fiducia
852 1538 930 1587 pari
944 1536 1108 1587 populus
1124 1544 1282 1585 uterque
1299 1534 1463 1572 studium
1480 1546 1561 1572 ma-

291 1602 507 1641 ritimarum
530 1589 538 1601 ι
616 1614 652 1639 m
670 1613 737 1650 per
752 1599 1034 1638 aemulationem
1055 1597 1240 1636 summam
1254 1594 1553 1646 prosequeretur.

348 1664 395 1704 ΙΙ.
421 1664 540 1714 Igitur
567 1665 599 1702 &
625 1662 797 1701 consules
816 1662 856 1699 in
873 1661 1040 1702 Afr1cam
1065 1659 1265 1698 transferre
1289 1656 1430 1696 beilum
1457 1654 1565 1704 juffi,

289 1738 380 1765 cum
403 1732 655 1764 trecentarum
684 1723 837 1773 triginta
859 1722 1012 1760 navium
1037 1720 1145 1759 clafl'e
1168 1718 1376 1759 Messanam
1398 1716 1565 1767 appuls13

289 1795 405 1837 atque
426 1786 516 1825 inde
533 1786 623 1825 litus
646 1783 782 1825 Siciliae
804 1785 981 1822 dextrum
1005 1781 1172 1832 legentes
1196 1789 1329 1830 praeter
1345 1778 1566 1829 Pachynum

290 1849 341 1888 ad
371 1848 608 1899 recipiendas
638 1845 825 1897 pedestres
856 1845 1009 1894 copias,
1034 1853 1117 1881 tum
1157 1843 1272 1881 eastra
1308 1841 1407 1880 circa
1443 1841 1568 1880 Ecno-

288 1925 397 1952 mum
427 1910 566 1950 collem
603 1909 813 1957 habentes,
843 1906 1082 1957 pergebant:
1120 1907 1154 1944 Sc
1188 1905 1255 1944 sub
1285 1905 1386 1951 idem
1416 1911 1568 1953 tempus

289 1972 486 2014 Hamilcar
507 1975 714 2023 imperator
738 1972 961 2017 Poenorum,
984 1971 1018 2008 ὃς
1049 1968 1246 2018 praefeerus
1266 1966 1384 2006 classis
1405 1967 1543 2005 Hanno
1557 1994 1570 2013 ,

289 2043 545 2076 trecentarum
571 2036 764 2086 sexaginta
787 2034 942 2072 navium
976 2032 1111 2076 duces.
1141 2029 1370 2080 Carthagine
1409 2026 1570 2078 Lilybae-

293 2109 382 2145 um,
405 2097 546 2137 &inde
569 2095 792 2136 Heracleam
815 2093 988 2133 Minoam
1005 2090 1223 2141 transgressi.
1250 2103 1294 2128 eo
1313 2090 1351 2127 in
1368 2096 1480 2139 portu
1502 2087 1570 2125 sta-
1597 2098 1602 2103 ·

291 2159 438 2197 tionem
464 2158 684 2210 agitabant,
720 2154 874 2194 consilia
899 2154 1158 2194 Romanorum
1187 2149 1453 2194 observantes,
1481 2149 1516 2186 δε
1543 2146 1569 2185 fi

294 2219 421 2258 versus
457 2220 623 2260 Africam
667 2219 858 2257 instituere
894 2215 1043 2254 cursum
1083 2208 1292 2259 auderent,
1327 2209 1570 2260 prohibituri.

299 2281 418 2331 Quod
438 2281 565 2321 edoc‘ti
591 2280 764 2320 consules
791 2280 837 2317 ad
863 2286 1066 2326 utrumque
1093 2275 1219 2313 casum
1245 2271 1408 2311 studiose
1433 2272 1569 2309 cuneta

298 2348 543 2392 comparant,
575 2349 617 2379 ut
642 2341 713 2379 five
742 2338 887 2378 navalis
918 2336 1044 2387 proelii
1079 2331 1388 2385 tentandgrspes
1417 2330 1569 2375 forent,

299 2403 373 2444 five
398 2402 538 2443 alicubi
563 2400 842 2441 exscensionem
868 2398 947 2437 fieri
979 2403 1190 2447 oporteret,
1218 2392 1417 2435 confilium
1442 2391 1482 2431 in
1509 2401 1573 2429 ex·-

347 2522 371 2568 §
395 2521 422 2556 Ι.
439 2519 522 2555 Tab.
554 2518 704 2565 Capitol.
736 2517 855 2563 Polyb.
885 2527 898 2550 ι
915 2540 924 2556 ,
950 2524 1004 2555 25.
