1701 3008
215 218 780 267 HISTORIARUM
816 219 948 267 ΜΒ.
985 197 1195 277 XXLJ
1255 237 1351 285 409

52 330 148 390 nis,
179 329 227 377 in
245 328 469 378 Etruriam
492 328 618 377 ducit
633 365 648 389 ‚
680 346 779 377 eam
801 345 986 393 quoque
1003 344 1181 394 gentem
1197 365 1212 389 ,
1239 328 1353 377 ficut

51 404 212 454 Gallos
236 404 507 468 Liguresque
526 439 541 463 ‚
568 420 643 450 aut
665 407 713 450 vi
740 415 814 450 aut
840 403 1082 451 voluntate
1112 401 1352 466 adjunffir·

51 496 145 528 rus.
194 478 521 528 Transeuntem
553 476 861 541 Apenninum·
876 477 990 525 adeo
1025 493 1158 525 atrox
1195 476 1354 524 adorta

51 552 287 617 tempestas
316 552 405 613 est,
437 570 486 599 ut
508 551 695 615 Azpimn
718 550 971 599 foeditatem
1001 569 1146 616 prope
1172 550 1353 614 supera-

52 629 186 679 verit.
231 632 385 675 Vento
423 627 591 676 mixtus
633 628 776 675 imber
811 644 914 675 cum,
953 627 1142 674 ferretur
1180 626 1229 673 in
1262 625 1353 689 ipsa

51 720 164 761 ora,
196 702 374 767 prim0‚
412 702 519 765 quia
551 712 631 750 aut
662 719 784 750 arma
810 700 1063 748 omittenda
1094 715 1246 759 erant,
1273 710 1351 746 aut

49 788 213 824 contra
244 777 464 824 enitentes
486 776 667 823 vortice
687 775 849 823 intorti
870 774 1184 839 affligebantur
1199 811 1213 834 ,
1235 791 1351 823 con-

48 852 230 899 stitere:
265 851 369 899 dein
392 887 407 911 ‚
443 868 547 899 cum
582 850 673 913 jam
709 850 914 916 spiritum
947 849 1233 908 includeret,
1266 866 1352 896 nec

47 927 335 991 reciprocare
355 927 552 975 animam
574 927 735 975 sineret
748 964 763 986 ,
789 925 931 976 averfi
959 944 984 974 a
1003 939 1147 974 vento
1167 943 1348 989 parum-

47 1021 129 1068 per
157 1002 415 1052 consedere.
450 1003 570 1049 Tum
589 1019 703 1051 vero
724 1000 897 1066 ingenti
920 999 1035 1047 sono
1055 999 1222 1048 coelum
1243 998 1350 1046 stre-

47 1093 184 1141 pere,
216 1076 334 1123 inter
357 1076 614 1123 horrendos
640 1075 836 1140 fragores
856 1075 1021 1122 micare
1049 1073 1188 1138 ignes.
1231 1070 1350 1135 capti

47 1148 232 1196 auribus
253 1149 304 1198 δε
323 1146 502 1207 oculis,
535 1164 659 1195 metu
689 1163 849 1195 omnes
879 1158 1076 1209 torpere.
1115 1144 1348 1201 Tandem,

48 1222 193 1270 effuso
220 1223 386 1281 imbre,
407 1240 511 1272 cum
531 1239 588 1271 eo
611 1223 748 1287 magis
765 1220 948 1271 accensa
973 1220 1046 1267 vis
1068 1219 1198 1267 venti
1217 1219 1347 1275 effet,

48 1297 150 1361 ipso
177 1297 261 1344 illo
282 1334 297 1357 ‚
331 1314 428 1362 quo
458 1293 734 1361 deprehensi
762 1307 914 1354 erant,
950 1294 1060 1342 loco
1090 1293 1231 1341 castra
1259 1309 1348 1354 po-

48 1385 157 1419 nere
189 1371 480 1419 necessarium
511 1369 661 1435 visum
695 1369 770 1417 est.
804 1369 852 1416 Id
881 1384 995 1415 vero
1025 1365 1195 1413 laboris
1223 1363 1350 1411 velut

47 1446 102 1493 de
127 1444 307 1509 integro
338 1443 517 1492 initium
546 1443 646 1491 fuit.
707 1459 810 1491 nam
846 1457 930 1488 nec
963 1438 1189 1503 explicare
1211 1436 1349 1501 quid·-

47 1536 210 1583 quam,
231 1536 315 1567 nec
346 1518 533 1566 statuere
564 1527 803 1581 poterant3
839 1531 953 1571 nec,
979 1513 1106 1577 quod
1126 1511 1339 1558 statutum

48 1593 182 1652 effer,
212 1591 453 1650 manebat,
480 1592 637 1639 omnia
668 1588 978 1653 perscindente
1007 1596 1152 1633 vento
1188 1585 1240 1632 &
1271 1598 1348 1629 ra-

47 1666 214 1729 piente.
258 1668 309 1715 &
333 1683 442 1713 mox
471 1682 586 1728 aqua
607 1663 755 1712 levata
783 1672 952 1720 vento,
983 1676 1088 1707 cum
1118 1657 1249 1720 super
1269 1672 1348 1719 ge-

48 1737 140 1785 lida
170 1739 397 1786 montium
430 1736 533 1801 juga
556 1747 773 1785 concreta
805 1733 937 1793 esset,
968 1742 1141 1780 tantum
1172 1727 1346 1777 nivosae

49 1810 278 1874 grandinis
307 1810 496 1873 dejecit,
516 1822 588 1870 ut,
609 1809 824 1857 omnibus
843 1807 1039 1865 ommis,
1067 1801 1347 1869 procumbe-

48 1896 150 1930 rent
170 1883 406 1944 homines‚
428 1883 700 1949 tegminibus
720 1881 806 1929 suis
837 1880 976 1945 magis
1004 1876 1186 1936 obruti,
1209 1890 1347 1938 quam

48 1957 165 2006 tecti.
196 1970 410 2024 tantaque
438 1960 508 2009 vis
532 1957 711 2023 frigoris
738 1955 937 2003 insecuta
964 1952 1026 2001 est
1043 1988 1057 2012 ,
1093 1962 1142 1998 ut
1160 1985 1174 2010 ,
1211 1966 1269 1996 ex
1290 1947 1345 1994 il-

50 2032 90 2079 la
118 2032 360 2081 miserabili
387 2033 628 2081 hominum
659 2031 1062 2094 jumentorumque
1081 2025 1219 2088 strage
1240 2038 1344 2070 cum

51 2104 90 2152 se
122 2105 310 2170 quisque
350 2107 558 2153 attollere
591 2122 642 2153 ac
673 2105 822 2150 levare
859 2100 1033 2159 vellet,
1068 2097 1146 2145 diu
1180 2096 1344 2148 nenni-

49 2191 141 2238 ret,
176 2171 311 2244 quia,
343 2179 630 2243 torpentibus
659 2178 810 2242 rigore
840 2173 1022 2232 nervis,
1056 2169 1136 2220 vix
1169 2169 1344 2216 flectere

49 2264 166 2298 artus
202 2265 428 2316 poterant.
470 2253 631 2300 deinde
656 2288 669 2310 ,
702 2263 753 2297 ut
795 2250 974 2297 tandem
1010 2245 1221 2311 agitando
1258 2242 1345 2291 sese

53 2341 240 2374 movere
260 2344 311 2374 ac
331 2343 540 2391 recepere
558 2325 735 2373 animos
757 2360 771 2383 ,
791 2325 840 2372 &
859 2323 968 2370 raris
990 2322 1104 2369 locis
1133 2318 1247 2384 ignis
1265 2317 1344 2365 fie-

52 2398 88 2445 ri
115 2398 177 2446 est
196 2411 375 2462 coeptus
390 2437 403 2459 ‚
433 2401 489 2448 ad
505 2399 695 2448 alienam
725 2415 861 2462 opem
883 2396 1070 2462 quisquc
1089 2396 1223 2457 inops
1243 2406 1344 2439 ten-

53 2473 169 2519 dere.
190 2472 377 2519 Biduum
403 2489 459 2520 eo
477 2474 587 2522 loco
601 2509 614 2533 ,
633 2472 764 2522 velut
783 2470 940 2520 obseffi
954 2507 968 2530 ,
990 2468 1200 2517 mansere.
1225 2464 1340 2512 mul-

53 2545 87 2592 ti
117 2546 324 2594 homine<
343 2582 356 2604 ‚
389 2541 528 2594 muita
550 2546 781 2609 jumenta,
813 2543 1038 2609 elephanti
1070 2537 1254 2607 quoque
1281 2554 1338 2586 ex
