1701 3008
308 216 907 268 HlsTORIARUM
940 219 1080 267 Lm.
1113 220 1174 268 X.
1343 236 1402 283 73

115 326 357 377 *titudinem
389 327 697 392 oppidumque
723 325 865 389 ipsum
895 325 945 374 vi
972 326 1106 390 cepit.
1140 327 1246 375 inde
1271 329 1405 392 quin·

117 418 210 466 que
235 400 442 460 castella,
473 400 587 447 locis
616 400 693 446 fita
720 399 933 457 munitis,
956 401 1248 464 expugnavit.
1281 403 1408 450 Caesa

116 477 179 527 ibi
210 477 407 526 hostium
443 477 535 524 duo
567 474 708 521 millia
740 474 1089 539 quadringenti,
1125 475 1273 524 minus
1312 478 1408 526 duo

111 550 260 599 millia
295 550 428 614 capti.
467 552 525 596 Et
555 546 731 595 Faliscis
765 564 921 610 pacem
953 548 1207 610 petentibus
1234 567 1406 598 annuas

114 623 320 671 inducias
353 621 499 682 dedit,
532 621 683 684 pactus
712 632 891 667 centum
924 620 1065 667 millia
1101 624 1246 685 gravis
1279 625 1408 682 acris,

116 698 171 744 &
201 695 472 760 stipendium
500 693 597 757 ejus
631 692 738 740 anni
766 692 1000 741 militibus.
1038 694 1119 741 His
1145 696 1274 742 rebus
1302 697 1408 745 aeis

115 770 175 818 ad
200 770 475 834 triumphum
507 768 717 827 deceffit‚
735 778 786 813 ut
814 767 963 814 minus
996 767 1167 815 clarum
1197 770 1250 816 de
1280 772 1409 817 Sam-

115 842 317 902 nitibus,
350 859 484 907 quam
518 841 706 905 collega:
741 840 998 904 triumphus
1030 841 1202 901 fuerat,
1233 842 1295 889 ita
1326 861 1409 890 cu-

113 915 245 964 mulo
277 915 453 964 Etrusci
488 914 594 963 belli
625 925 866 978 aequatum.
905 915 1021 961 AEris
1057 915 1204 978 gravis
1232 914 1407 962 tulitin

115 987 322 1036 aerarium
350 1000 552 1037 trecenta
579 987 814 1052 ocioginta
840 986 1008 1034 millia:
1037 988 1090 1033 de
1119 987 1295 1051 reliquo
1321 1005 1407 1034 aere

115 1063 259 1111 aedem
290 1063 437 1112 Fortis
468 1066 680 1110 Fortunae
710 1061 765 1108 de
799 1060 1022 1108 manubiis
1055 1060 1306 1108 faciendam
1339 1062 1409 1107 lo-

114 1137 274 1197 cavit,
303 1154 450 1201 prope
479 1137 622 1183 aedem
651 1132 750 1196 ejus
778 1135 894 1182 Deae
919 1134 974 1181 ab
1006 1150 1109 1198 rege
1137 1135 1229 1182 Ser.
1247 1134 1407 1181 Tullio

113 1211 382 1260 dedicatam.
433 1211 486 1258 &
517 1209 741 1257 militibus
771 1226 827 1255 ex
856 1210 1004 1272 praeda
1032 1222 1249 1256 centenos
1273 1209 1409 1256 binos

115 1284 226 1332 affes
241 1320 256 1343 ‚
277 1285 327 1332 &
347 1283 535 1330 alterum
557 1294 731 1329 tantum
761 1282 1104 1330 centurionibus
1124 1297 1255 1346 atque
1276 1283 1408 1347 equi-

117 1356 238 1404 tibus
255 1356 563 1421 (malignitate
585 1356 773 1420 collegae
790 1358 955 1419 gratius
976 1357 1300 1420 accipientibus
1320 1375 1412 1404 mu·

116 1428 245 1494 nus)
274 1429 442 1477 divifit.
478 1431 630 1476 Favor
663 1428 859 1477 consulis
895 1440 1064 1477 tutatus
1098 1430 1152 1476 ad
1186 1429 1408 1492 populum

115 1506 181 1553 est
212 1508 262 1553 L.
292 1505 569 1553 Postumium
601 1504 794 1569 legatum
834 1503 960 1566 ejus:
998 1505 1108 1570 qui,
1143 1505 1256 1552 dicia
1286 1505 1357 1552 die
1384 1523 1410 1552 a

114 1582 183 1628 M.
213 1580 382 1628 Cantio
415 1579 601 1627 tribuno
635 1576 811 1641 plebis,
840 1575 1013 1641 fugerat
1048 1576 1095 1622 in
1133 1576 1406 1640 legationem

114 1653 206 1719 (ut
224 1653 341 1701 fama
360 1652 566 1718 ferebat)
586 1652 744 1717 populi
768 1651 986 1714 judicium
1008 1669 1018 1698 ε
1051 1650 1289 1714 jactarique
1311 1666 1407 1696 ma-

113 1728 182 1793 gis
200 1762 213 1784 ,
236 1745 372 1791 quam
402 1727 581 1792 peragi,
602 1724 827 1773 accusatio
853 1722 946 1786 ejus
973 1734 1165 1787 poterat.

179 1803 364 1850 XLVII.
402 1801 572 1849 Exacto
606 1799 693 1861 jam
725 1815 881 1858 anno,
912 1798 1029 1845 novi
1063 1796 1231 1844 tribuni
1263 1795 1407 1859 plebis

115 1875 419 1940 magistratum
442 1875 636 1923 inierant
655 1892 666 1921 ε
694 1873 832 1936 iisque
852 1873 952 1935 ipsis
968 1908 983 1929 ‚
1001 1871 1104 1934 quia
1124 1871 1241 1917 vitio
1268 1870 1408 1918 creati

114 1961 244 1996 erant
258 1985 272 2007 ‚
292 1949 494 2013 quinque
521 1947 622 2012 post
649 1947 741 1994 dies
763 1946 837 1993 alii
858 1945 1034 1992 suffeffi.
1068 1943 1272 1991 Lustrum
1294 1940 1406 1990 con'-

113 2023 262 2070 ditum
296 2039 353 2069 eo
385 2039 507 2069 anno
535 2022 596 2068 est
622 2039 645 2068 a
667 2022 714 2067 P.
733 2019 954 2067 Cornelio
979 2018 1152 2064 Arvina
1169 2053 1182 2074 ,
1204 2018 1259 2064 C.
1281 2019 1404 2063 Mar-

117 2094 196 2141 cio
223 2093 414 2149 Rutilo,
444 2093 704 2140 censoribus
734 2110 744 2138 :
776 2089 903 2139 censa
934 2090 1129 2152 capitum
1158 2089 1299 2136 millia
1324 2090 1407 2136 du-

116 2180 251 2216 centa
280 2167 509 2232 sexaginta
543 2167 634 2213 dno
668 2179 866 2213 trecenta
896 2164 1057 2227 viginti
1090 2164 1196 2210 duo.
1233 2163 1408 2209 Censo-

116 2259 186 2290 res
207 2242 407 2290 vicefimi
429 2241 540 2289 sexti
559 2259 582 2287 a
611 2240 764 2303 primis
787 2238 1075 2293 censoribus3
1105 2237 1288 2284 lustrum
1319 2255 1406 2283 un-

117 2316 437 2364 devicesimum
471 2315 571 2362 fuit.
608 2315 781 2361 Eodem
805 2328 926 2360 anno
951 2312 1157 2358 coronati
1181 2311 1408 2374 primum,

118 2387 184 2433 ob
218 2405 287 2435 res
318 2389 440 2436 bello
472 2389 585 2436 bene
619 2389 782 2451 gestas,
814 2387 946 2450 ludos
979 2387 1213 2432 Romanos
1243 2384 1405 2445 specla-

119 2473 287 2508 verunt
309 2479 320 2507 ε
351 2462 597 2524 palmaeque
622 2474 715 2508 tum
746 2454 937 2523 primum
954 2495 968 2515 ‚
992 2457 1207 2504 translato
1233 2474 1256 2502 e
1277 2458 1406 2500 Gne-

118 2531 188 2580 cia
216 2548 372 2596 more,
391 2533 642 2583 victoribus
673 2534 802 2582 datae.
835 2533 1008 2581 Eodem
1038 2547 1160 2579 anno
1186 2530 1241 2577 ab
1263 2528 1403 2575 aedili-
