1701 3008
253 207 857 255 HISTORIARUM
904 206 1036 253 LIB.
1081 205 1237 252 XXI.
1326 221 1413 267 413

124 319 302 366 Iberum
323 317 474 365 rursus
490 316 610 364 cedit
630 332 756 380 agro.
787 314 964 378 Scipio,
982 315 1182 362 relictam
1200 314 1255 361 ab
1272 314 1424 361 auclo-

120 409 167 438 re
191 391 460 437 defectionis
490 389 731 452 Ilergetum
759 401 936 451 gentem
967 405 1071 435 cum
1100 386 1264 434 infesto
1293 403 1427 433 exer-

122 464 216 512 citu
242 463 469 510 invasisset
483 498 498 521 ‚
517 459 758 523 cumpulfis
779 459 994 507 omnibus
1007 458 1330 522 Affianagiam,
1351 475 1426 505 ur-

57 530 61 531 ⁷
121 537 222 583 bem
248 537 379 599 (quae
406 551 543 597 caput
566 533 661 595 ejus
682 531 845 596 populi
867 535 990 593 erat)
1022 531 1331 578 circumsedit:
1358 530 1427 577 in-

121 623 279 674 traque
305 611 397 657 dies
426 626 624 673 paucos,
656 608 863 672 pluribus
895 625 1032 672 quam
1064 620 1168 654 ante
1195 606 1427 655 obsidibus

121 682 347 746 imperatis
368 719 382 741 ,
428 683 665 746 Ilergetes,
687 681 881 745 pecunia
908 681 1040 728 etiam
1072 679 1340 740 mulCtatos‚
1377 680 1427 727 in

120 757 192 820 jus
229 757 543 819 ditionemque
574 755 758 817 recepit.
795 755 905 801 Inde
934 754 981 801 in
1003 753 1255 801 Ausetanos
1280 770 1427 816 prope

125 828 331 887 Iberum,
371 826 522 874 socios
551 828 601 874 &
625 824 744 888 ipsos
768 826 1051 884 Poenorum,
1083 823 1322 888 procedit:
1361 838 1430 872 at-

124 919 214 966 que
230 938 244 958 ,
264 902 376 949 urbe
408 917 568 947 eorum
590 899 786 958 obseffa,
814 902 1065 947 Lacetanos
1087 898 1307 945 auxilium
1328 896 1430 949 fini-

127 975 251 1021 timis
283 973 477 1020 ferentes
506 973 670 1030 nocie,
704 973 824 1019 haud
857 972 1020 1035 procul
1049 970 1135 1033 jam
1165 971 1300 1030 urbe,
1325 989 1428 1020 cum

128 1047 294 1094 intrare
316 1046 514 1104 vellent,
534 1045 716 1108 excepit
738 1044 918 1091 infidiis.
956 1042 1081 1090 Caesa
1107 1042 1162 1089 ad
1183 1043 1430 1091 duodecim

130 1118 302 1165 millia.
340 1118 467 1164 exuti
505 1134 633 1180 paene
671 1133 830 1164 omnes
868 1116 1036 1174 armis,
1074 1116 1238 1163 domos
1273 1117 1430 1179 paffim

130 1192 329 1254 palantes
353 1207 431 1254 per
459 1207 591 1255 agros
613 1191 859 1255 diffugere:
897 1206 980 1237 nec
1001 1189 1200 1236 obsessos
1231 1190 1316 1238 alia
1338 1191 1432 1239 ulla

130 1282 228 1324 res,
263 1282 400 1329 quam
422 1264 578 1328 iniqua
601 1264 971 1327 oppugnantibus
991 1263 1161 1322 hiems,
1187 1264 1429 1313 tutabatur.

131 1338 315 1403 triginta
344 1339 436 1385 dies
470 1338 649 1385 obsidio
688 1337 801 1383 fuit:
837 1354 916 1400 per
948 1353 1067 1398 quos
1097 1353 1200 1383 raro
1227 1354 1429 1401 unquam

134 1415 214 1460 nix
232 1414 380 1460 minus
410 1424 609 1474 quatuor
630 1412 764 1472 pedes
784 1411 871 1455 alta
887 1408 1056 1470 jacuit:
1092 1410 1300 1474 adeoque
1326 1411 1432 1474 plu-

132 1500 232 1534 teos
252 1502 303 1532 ac
324 1484 480 1532 vineas
500 1484 821 1528 Romanorum
847 1490 1119 1543 operuerat,
1155 1489 1205 1525 ut
1232 1494 1283 1524 ea
1311 1477 1432 1536 sola,

133 1560 314 1623 ignibus
344 1555 587 1618 aliquoties
624 1553 839 1613 conjectis
869 1555 925 1599 ab
958 1551 1114 1609 hoste,
1143 1551 1278 1598 etiam
1311 1563 1431 1599 tuta·

135 1642 338 1677 mentum
366 1626 514 1674 fuerit.
557 1625 793 1672 Postremo
826 1642 928 1672 cum
954 1624 1184 1671 Amusitus
1220 1624 1431 1687 princeps

131 1718 294 1750 eorum
318 1702 374 1747 ad
393 1700 713 1746 Hasdrubalem
745 1699 1033 1762 profugisset,
1065 1698 1227 1761 viginti
1257 1699 1430 1763 argenti

134 1774 312 1822 talentis
332 1774 447 1837 pacti
477 1772 714 1820 deduntur.
748 1773 1062 1819 Tarraconem
1080 1771 1127 1818 in
1153 1771 1342 1819 hiberna
1360 1789 1434 1819 re-

134 1847 281 1894 ditum
306 1847 380 1893 est.

201 1921 338 1967 LXu.
375 1920 538 1966 Romae
574 1931 649 1967 aut
685 1918 804 1967 circa
838 1917 995 1965 urbem
1031 1918 1170 1970 multa
1203 1935 1254 1964 ea
1287 1917 1433 1964 hieme

136 1995 345 2059 prodigia
365 1994 504 2042 facia:
538 2008 614 2040 aut
646 1994 802 2059 (quod
830 1992 1015 2040 evenire
1041 1991 1182 2048 solet,
1212 1992 1348 2038 motis
1370 1991 1433 2038 se-

137 2069 227 2116 mel
260 2067 307 2114 in
335 2067 604 2131 religionem
633 2064 830 2129 animis)
862 2065 1001 2111 multa
1028 2064 1261 2121 nuntiata,
1289 2067 1338 2110 &
1366 2076 1433 2110 te·-

137 2157 260 2188 mere
289 2141 456 2189 credita
491 2140 618 2187 sunt:
651 2140 698 2186 in
723 2138 825 2204 quis
852 2139 1094 2202 ingenuum
1130 2135 1347 2182 infantem
1370 2135 1432 2182 se-

137 2214 343 2261 mestrem
379 2214 427 2260 in
459 2212 565 2259 foro
586 2212 780 2259 olitorio
813 2211 1090 2273 triumphum
1115 2209 1346 2256 clamass'e:
1380 2211 1431 2258 &

139 2287 246 2334 foro
276 2288 437 2335 boario
470 2287 642 2334 bovem
665 2286 710 2332 in
735 2285 910 2333 tertiam
932 2283 1326 2346 contignationem
1357 2282 1433 2328 sua

140 2360 588 2422 sponte'escendiss'e,
622 2371 758 2423 atque
780 2358 882 2405 inde
910 2356 1105 2405 tumultu
1124 2356 1431 2402 habitatorum

138 2432 345 2479 territum
376 2432 463 2480 sese
491 2432 719 2495 dejecisse:
749 2434 799 2480 &
818 2432 1003 2479 navium
1024 2429 1214 2493 speciem
1234 2428 1287 2474 de
1306 2428 1432 2474 coelo

139 2506 376 2555 affulsisse:
408 2509 459 2556 &
490 2508 629 2555 aedern
651 2507 784 2572 Spei,
808 2523 909 2571 quae
937 2505 1066 2552 estin
1088 2504 1192 2550 soro
1218 2500 1434 2557 olitorio,
