1701 3008
325 192 386 240 92
436 176 519 223 JO.
537 175 761 223 FREINS.
780 173 937 222 SUPP.
956 174 1024 220 IN
1049 174 1190 222 LOC.
1207 176 1314 224 LIB.
1329 177 1410 225 XI.
1425 176 1540 225 L1V.

324 281 574 332 triumphaffe
598 281 708 320 illum
730 281 883 320 invenio
900 312 914 329 ,
938 283 1177 322 numeranda
1198 283 1261 323 est.
1285 284 1362 324 Sed
1386 297 1461 334 quo
1486 297 1610 333 anno,

326 356 450 395 quove
468 344 507 382 in
524 342 740 392 magistratu
764 350 830 382 aut
849 343 1010 393 imperio
1028 357 1086 383 res
1103 356 1164 383 eas
1180 344 1330 395 gesserit
1342 375 1353 393 ‚
1375 344 1582 396 ignoratur.

381 403 533 446 XXIX.
577 402 708 452 Major
737 403 828 442 inde.
862 402 985 444 moles
1020 406 1057 444 ὃς
1083 403 1193 453 clade
1222 417 1301 444 non
1328 406 1612 446 contemnenda

325 466 466 506 nobilis
494 475 624 506 exorta
640 466 721 515 est,
738 465 840 506 bello
864 479 954 507 cum
976 467 1192 507 Senonibus
1217 466 1364 507 Gallica
1386 476 1501 520 gente
1520 482 1612 509 con-

325 530 459 568 traero.
492 529 543 569 Hi
563 527 659 579 saepe
683 527 829 567 bellum
856 541 945 568 cum
969 528 1118 580 populo
1139 530 1341 578 Romano,
1362 529 1460 582 saepe
1474 544 1610 582 pacem

324 589 564 639 habuerant3
598 592 754 642 jamque
791 589 988 630 decimum
1011 585 1149 631 'ferme
1179 605 1322 631 annum
1351 593 1434 643 post
1459 591 1612 632 cladem

324 654 365 694 in
388 668 479 707 agro
508 656 695 696 Sentinati
722 662 945 706 acceptam,
962 667 1052 694 cum
1077 655 1197 695 Decio
1213 654 1250 695 se
1270 656 1488 697 devovente
1503 668 1612 706 mag-

326 729 398 756 nus
426 730 560 757 eorum
589 730 772 757 numerus
798 716 914 757 caesus
942 717 1020 766 est,
1050 718 1294 768 quieverant3
1320 717 1387 757 nisi
1423 718 1528 768 quod
1553 719 1614 766 ju-

326 789 526 820 ventutem
546 780 652 821 suam
672 780 849 821 adversus
871 781 1069 822 Romanos
1087 781 1266 820 mercede
1281 780 1328 821 ab
1344 780 1506 821 Etruscis
1522 793 1614 818 con-

329 843 419 893 duci
433 852 655 894 paterentur
671 857 680 885 :
699 853 783 884 tum
805 857 896 885 vero
918 844 1064 894 majore
1079 855 1169 882 cum
1185 856 1317 892 manu,
1333 855 1448 894 quam
1468 841 1614 892 aliquot

326 904 374 943 ab
393 905 500 944 annis
523 905 724 946 sueviffent
737 937 750 953 ,
772 905 813 944 in
830 905 1018 946 Etruriam
1040 904 1243 956 progreffi,
1259 904 1448 944 Arretium
1468 902 1616 943 obfide-

326 968 432 1009 bant.
461 970 626 1010 Arretini
655 971 783 1010 foedus
805 984 826 1010 a
843 971 1027 1011 Romanis
1054 972 1090 1011 ἅ
1110 977 1223 1011 antea
1242 971 1452 1023 petierant,
1476 969 1541 1009 sed
1566 982 1613 1008 eo

326 1042 489 1083 negato,
516 1034 813 1084 impetraverant
843 1035 1042 1084 inducias,
1069 1046 1230 1085 quarum
1253 1041 1407 1085 tempus
1435 1034 1612 1073 nondum

327 1094 483 1147 exierat.
535 1095 716 1134 Ceterum
752 1097 876 1145 major
901 1095 941 1135 in
971 1108 1018 1135 eo
1046 1095 1130 1146 spes
1159 1103 1240 1135 erat
1272 1096 1423 1135 venturi
1456 1094 1611 1144 auxilii,

325 1156 431 1206 quod
461 1169 564 1195 arma
599 1156 746 1196 Gallica
783 1170 979 1208 nunquam
1005 1157 1162 1197 concuti
1191 1156 1379 1206 sciebant,
1407 1158 1500 1207 quin
1525 1170 1612 1196 eam

324 1231 405 1258 rem
427 1233 661 1271 magnopere
677 1221 724 1259 ad
739 1220 776 1259 se
792 1222 982 1271 pertinere
993 1221 1160 1262 Romani
1176 1221 1459 1267 arbitrarentur.
1477 1221 1610 1271 Itaque

325 1279 442 1319 miffis
466 1282 506 1319 in
525 1280 661 1320 urbem
686 1280 844 1332 legatis,
865 1290 909 1321 ut
930 1281 998 1321 fibi
1018 1281 1279 1322 subveniretur
1302 1281 1480 1321 adversus
1506 1294 1611 1321 com-

326 1352 486 1380 munem
520 1341 668 1381 hostem
684 1374 696 1391 ,
725 1342 922 1393 petebant.
968 1343 1120 1383 Interea
1145 1343 1183 1382 se
1211 1343 1437 1395 circumegit
1462 1355 1582 1382 annus
1598 1374 1611 1390 ‚

329 1416 405 1453 quo
428 1404 472 1445 C„
490 1403 668 1445 Servilius
690 1405 843 1453 Tucca,
866 1405 908 1446 L.
924 1404 1104 1447 Caecilius
1126 1404 1308 1446 Metellus
1337 1404 1511 1445 consules
1526 1405 1610 1444 fue-

327 1472 426 1504 runt.
453 1465 522 1504 Pro
545 1465 697 1505 Caecilio
722 1465 890 1506 Coelium
916 1466 1070 1506 annales
1094 1467 1251 1518 quidam
1276 1475 1513 1514 memo-rant:
1544 1466 1609 1506 sed

329 1525 459 1566 Coeliae
487 1527 609 1577 gentis
632 1527 790 1567 inferior
811 1528 994 1568 nobilitas
1021 1537 1109 1569 ante
1134 1542 1279 1569 annum
1303 1528 1350 1568 ab
1374 1528 1477 1570 Urbe
1510 1540 1610 1566 con-

328 1588 407 1628 dita
439 1588 754 1630 sexcentefimum
793 1590 1094 1643 sexagessmum,
1124 1591 1363 1633 consularem
1398 1591 1606 1642 imaginem

326 1651 472 1692 nullam
496 1652 667 1693 habuisse
692 1654 873 1696 creditur.

375 1769 567 1814 §XXVIII
591 1771 687 1822 Pigh.
716 1771 837 1805 Annal.
862 1771 958 1806 Rom.
978 1784 1031 1805 an.
1054 1772 1129 1812 466.
1157 1771 1232 1805 Liv.
1256 1771 1344 1816 Epit.
1371 1783 1422 1804 11.
1449 1771 1535 1804 Plin.
1553 1782 1606 1813 34.

328 1814 361 1850 6.
386 1816 483 1850 Aust.
508 1817 549 1851 de
576 1816 644 1850 vir.
669 1817 718 1851 ill.
741 1828 773 1851 c
791 1827 845 1861 33.
872 1817 894 1861 §
920 1816 1343 1862 XXIX.P01yb-.2.L·1v.
1369 1826 1584 1860 10,19,37.
