1701 3008
321 204 417 254 320
490 187 581 235 so,
631 163 1540 235 FREINSHEMH'SUPPLEM.

374 294 524 336 XXVI.
558 293 605 332 Iis
638 292 750 331 rebus
787 291 920 330 Romae
950 292 1139 341 cognitis,
1163 288 1211 333 T.
1230 293 1474 333 Coruncanio
1501 297 1536 333 &
1563 295 1601 334 P.

321 358 437 406 Junio
461 354 618 393 honoris
640 352 751 392 causa
779 352 1010 403 tripedaneae
1033 353 1162 393 statuae
1183 354 1220 393 in
1239 355 1324 394 foro
1349 354 1599 406 suntpofitae:

318 419 451 460 Teurae
476 410 570 455 ¹vero
600 418 634 455 ὃς
667 414 804 466 Illyriis
839 415 1214 456 beliumindietum.
1247 417 1372 457 Teuta
1403 417 1504 456 rudis
1532 417 1603 455 im-

316 480 475 534 perandi
490 511 502 528 ,
520 481 555 518 Sc
573 477 770 517 muliebris
791 478 934 527 ingenii
955 478 1046 517 vitia
1063 491 1187 529 neque
1210 479 1376 526 ratione,
1393 491 1516 529 neque
1531 478 1600 518 usu

317 544 474 583 domare
501 541 638 589 ciceia,
665 540 760 579 ficut
785 540 832 579 ad
863 540 1043 580 irritanda
1069 541 1161 580 odia
1190 541 1449 591 praecipitem,
1476 540 1525 579 fic
1550 538 1600 579 ad

313 604 514 644 toleranda
535 602 712 642 timidam
728 601 763 641 se
783 602 947 653 gerebat.
970 602 1104 653 Itaque
1122 611 1342 654 comperto,
1363 601 1509 642 bellum
1531 602 1600 641 ad·

312 667 438 707 versus
453 666 491 705 se
511 666 656 717 parari,
673 666 880 704 reddituram
905 666 1078 704 Romanis
1104 666 1210 704 vivos
1234 665 1407 716 pollicita
1432 664 1507 705 est:
1539 665 1599 703 in«

312 730 464 782 terfefz'cs
484 730 617 767 reddere
636 742 703 765 non
721 726 815 781 poſjZ¹
828 757 839 774 .,
856 741 941 779 quos
957 726 1158 779 injuffufico
1172 729 1354 779 praedones
1369 726 1596 780 peremzffent.

313 793 407 833 Haec
429 791 568 842 legatio
587 821 599 838 ,
614 802 834 843 quanquam
858 802 927 839 pro
946 789 1215 839 magnitudine
1239 788 1369 828 defieri
1393 801 1529 843 parum
1543 788 1599 827 sa-

310 853 523 900 tisfaceret,
541 862 691 900 tamen,
717 851 805 900 quia
829 849 935 900 spem
966 849 1187 900 praebebat,
1209 850 1479 890 controverfias
1505 849 1595 901 Hly-

308 914 404 954 sicas
427 914 518 952 citra
536 913 681 952 bellum
705 912 886 963 componi
910 912 1038 963 posl'e,
1060 912 1317 951 inhiberivim
1335 912 1502 962 placuit,
1526 927 1593 963 pem

308 978 415 1026 tique
432 976 479 1014 ad
495 987 653 1024 poenam
676 987 762 1020 eos,
791 987 811 1011 a
834 974 973 1024 quibus
997 974 1187 1013 interfeffti
1210 973 1325 1024 legati
1350 973 1590 1014 dicebantur.

311 1038 451 1077 Mulier
466 1049 583 1083 arma,
604 1048 686 1085 quae
700 1035 902 1081 timuerat,
921 1035 1064 1073 differri
1081 1035 1228 1084 videns,
1241 1036 1402 1076 vicissim
1422 1051 1471 1076 ex
1486 1044 1592 1076 metu

306 1100 355 1138 ad
382 1099 550 1149 priorem
576 1097 816 1136 insolentiam
848 1098 1020 1148 rapiente
1051 1097 1169 1136 animi
1197 1097 1351 1138 levitate
1369 1129 1380 1148 ,
1405 1115 1510 1150 neque
1535 1102 1591 1138 de-

303 1164 453 1200 dituram
478 1163 519 1214 se
550 1175 750 1213 quemquam
785 1160 907 1208 dixit3
944 1161 979 1199 &
1015 1166 1058 1198 ut
1085 1160 1195 1199 faetis
1222 1172 1376 1211 quoque
1405 1159 1590 1199 ferociam

305 1221 550 1269 ostenderet,
580 1233 694 1270 quam
728 1219 851 1258 verbis
884 1218 1126 1270 praetulerat,
1155 1221 1339 1260 continuo
1375 1222 1506 1272 copias
1540 1222 1589 1260 ad

302 1283 414 1324 Iffam
433 1282 697 1322 obsidendam
726 1282 837 1322 misit.

375 1360 544 1401 XXVII.
572 1361 662 1401 Non
691 1374 780 1411 ergo
808 1361 959 1400 diutius
988 1361 1159 1400 cuneiari
1180 1360 1326 1410 visum,
1353 1362 1446 1412 quin
1468 1362 1584 1402 ambo

299 1422 475 1462 consules
502 1422 671 1476 (Lucius
702 1423 912 1463 Postumius
941 1424 983 1464 A.
1011 1423 1051 1463 F.
1074 1424 1116 1463 A.
1147 1424 1196 1464 N.
1230 1423 1393 1464 Albinus
1414 1425 1554 1465 iterum
1572 1456 1583 1475 ,

301 1484 370 1524 Cn.
399 1483 553 1523 Fulvius
581 1483 649 1525 Cn.
667 1483 708 1523 F,
733 1484 802 1524 Cn.
819 1485 867 1524 N.
890 1484 1137 1524 Centumalus
1160 1486 1238 1534 jam
1259 1485 1472 1541 iniverant)
1494 1500 1583 1526 cum

296 1545 499 1586 navalibus
526 1545 835 1596 pedestribusque
866 1547 989 1597 copiis
1019 1546 1360 1597 proficiscerentur.
1404 1549 1471 1590 Cn.
1494 1549 1584 1589 Ful-

295 1609 379 1648 vius
414 1607 569 1647 clafl'em
604 1608 770 1648 ducebat
797 1611 955 1648 navium
992 1610 1270 1669 ducentarum,
1299 1610 1340 1650 L.
1366 1611 1580 1652 Postumius

295 1671 477 1722 legiones.
502 1671 604 1711 Tum
629 1672 767 1710 iterum
783 1673 911 1712 territa
935 1673 1058 1713 Teuta
1082 1673 1319 1712 Demetrium
1336 1673 1514 1715 Pharium
1530 1677 1579 1716 ad

296 1731 469 1771 consules
494 1744 630 1782 pacem
656 1733 820 1782 petitum
846 1733 956 1773 mifit.
986 1734 1098 1783 Atqui
1123 1733 1177 1773 illi
1207 1735 1437 1786 pepigerunt
1462 1737 1577 1777 indu-

294 1795 394 1842 cias,
413 1795 452 1845 fi
482 1795 653 1845 Corcyra,
679 1807 793 1844 quam
826 1808 946 1846 nuper
977 1806 1277 1846 occupaverant,
1303 1797 1420 1850 Illyrii
1445 1801 1581 1838 decede-

293 1869 376 1895 rent.
414 1856 595 1895 Profectis
628 1857 676 1896 ad
711 1857 974 1907 recipiendam
1007 1858 1217 1909 Corcyram
1251 1859 1465 1910 Romanis,
1499 1869 1580 1900 tan-

293 1929 407 1968 quam
436 1918 649 1969 longissime
676 1927 799 1958 metus
829 1920 953 1958 omnis
981 1919 1227 1970 abscessisset‚
1256 1922 1303 1961 ad
1333 1923 1454 1973 priora
1481 1935 1578 1962 con-

290 1980 367 2019 filia
391 1979 570 2019 relabitur
594 1980 717 2021 Teuta
732 2011 742 2030 ,
760 1982 1031 2033 praefectosque
1055 1981 1142 2021 suos
1169 1984 1217 2023 ad
1240 1982 1521 2035 Dyrrhachium
1540 1987 1577 2026 &

291 2040 534 2090 Apolloniam
563 2041 790 2082 obfidendas
820 2044 950 2083 mittit.
984 2043 1056 2084 Alii
1081 2060 1151 2083 non
1174 2044 1357 2096 velunrate
1379 2046 1491 2084 Tentae
1519 2047 1576 2084 de-

290 2105 400 2142 ditam
417 2106 600 2158 Corcyram
613 2136 624 2153 ,
634 2105 700 2157 sed
713 2106 883 2144 Demetrii
895 2107 1039 2158 privato
1064 2107 1205 2160 confil³o
1226 2108 1403 2152 tradunt,
1430 2110 1489 2159 qui
1509 2109 1574 2145 cri-

289 2168 440 2215 minibus
452 2170 492 2220 fe
508 2169 604 2220 apud
619 2168 758 2206 Teutam
774 2169 847 2220 peti
860 2183 993 2221 gnarus
1011 2200 1022 2215 ‚
1045 2170 1212 2222 adversits
1232 2168 1333 2206 illsus
1357 2169 1573 2206 iracundiam

285 2230 480 2281 proditione
491 2231 648 2282 praesidii,
662 2231 717 2268 cui
732 2244 890 2283 praeerat,
906 2233 1003 2283 apud
1011 2232 1190 2269 Romanos
1200 2231 1468 2284 perfizgiumfibi
1483 2245 1571 2283 quae-

282 2291 411 2338 severit.
442 2291 610 2331 Praesidio
629 2291 845 2342 lllyriorum
865 2292 1003 2331 tradito
1016 2322 1026 2339 ,
1043 2291 1289 2342 Corcyrenses
1306 2291 1461 2341 publico
1479 2306 1571 2332 con·

294 2348 367 2391 filio
398 2352 581 2392 Romanis
613 2354 649 2392 se
681 2354 911 2404 permisere,
942 2353 1090 2393 nullam
1125 2351 1190 2392 fibi
1223 2352 1408 2404 reliquam
1440 2354 1569 2395 salutis

343 2487 363 2525 ξ
383 2489 505 2526 XXVI.
531 2489 653 2525 Zonar.
678 2491 747 2524 Dio
779 2503 833 2535 ap.
857 2491 956 2526 Fulv.
