1701 3008
238 201 300 251 86
375 201 466 249 JO.
516 193 1034 247 FREINSHEMH
1070 192 1431 240 SUPPLEM.

237 308 340 348 ultro
373 307 534 347 irritavit
559 306 654 351 iras,
685 315 775 352 quas
803 301 988 339 modestia
1015 299 1232 338 sermonum
1258 296 1535 349 factorumque*

187 367 193 374 ’
240 371 418 419 mitigare
440 365 637 407 debuiffet.
658 363 815 414 Quippe
837 374 915 400 non
938 360 1101 411 querelis
1128 361 1303 400 adversus
1331 361 1526 408 inimicos,

239 445 321 471 non
336 430 527 472 ‚conviciis
552 428 591 465 in
608 427 710 477 ipsos
733 425 886 464 ordines
907 423 1118 471 abstinens,
1137 436 1213 473 quo
1234 423 1404 463 Patribus
1427 435 1525 471 segre

238 494 408 541 faceret,
438 491 607 543 praedam
638 501 796 529 omnem
824 486 1013 526 militibus
1045 486 1258 533 distribuit,
1292 485 1529 524 exercitum-

243 568 341 605 que,
361 553 582 604 priusquam
599 550 784 590 successor
807 549 909 589 mitti
934 547 1074 599 poffet,
1097 548 1249 586 dimisit.
1272 545 1532 597 Triumphum

241 617 358 656 etiam
382 624 516 655 contra
543 612 782 653 voluntatem
807 612 966 651 Senatus
989 612 1143 657 actum,
1166 621 1384 659 quanquam
1405 607 1454 647 ad
1477 606 1532 647 se-

242 679 416 718 cundum
451 679 532 728 ejus
566 675 809 715 consulatum
837 673 977 713 relatus
1009 673 1076 722 fit,
1099 672 1147 711 ad
1176 671 1258 711 haec
1282 673 1410 722 potius
1436 678 1533 709 tem-

241 755 338 795 pora
379 743 572 792 pertinere
608 738 842 778 crediderim
864 752 875 786 3
917 738 1036 787 idque
1076 735 1279 786 scriptores
1321 733 1532 783 diligentiae

244 804 414 854 fideique
446 816 524 842 non
554 802 755 852 postremae
784 801 823 839 in
857 799 1022 839 historiis
1050 798 1125 838 suis
1158 796 1424 848 prodiderunt.
1469 795 1532 834 Ob

245 869 329 907 haec
343 867 445 906 fac‘ta
466 864 744 905 recentioribus
766 863 862 902 odiis
885 862 1024 912 petitus
1047 862 1120 901 est:
1145 873 1332 910 eumque,
1350 858 1457 898 simul
1481 868 1535 897 ar-

246 942 321 979 que
342 927 560 978 magistratu
583 926 702 974 abiit,
729 927 806 964 duo
832 925 977 963 tribuni
1003 923 1125 975 plebis
1152 925 1442 972 corripuerunt,
1470 921 1535 960 die

247 993 299 1032 ad
326 990 515 1042 populum
537 991 652 1030 dieta.
678 989 814 1029 Praeter
843 1002 907 1036 eaq
926 1001 1007 1038 quae
1033 988 1330 1026 memoravimus
1345 1016 1356 1034 ‚
1378 986 1535 1024 crimini

247 1054 431 1101 dabatur,
457 1054 551 1105 quod
571 1053 771 1104 priusquam
790 1050 988 1103 paludatus
1012 1065 1055 1087 ex
1089 1049 1183 1089 Urbe
1201 1049 1331 1095 exiret,
1354 1064 1398 1087 ex
1427 1049 1536 1101 legio-

249 1118 352 1157 nibus
375 1117 456 1170 fiiis
478 1115 622 1153 deleaos
644 1113 796 1159 milites,
823 1113 873 1150 ad
892 1113 962 1150 dito
988 1112 1162 1150 hominum
1184 1111 1300 1149 millia
1315 1140 1326 1159 ,
1352 1112 1390 1149 in
1416 1125 1535 1163 agrum

240 1182 345 1233 suum
369 1180 419 1216 ad
432 1177 567 1230 sizltum
590 1174 862 1228 repastinandum
888 1174 1049 1226 miserat:
1071 1176 1190 1226 eosilue
1213 1173 1251 1211 itz
1274 1187 1370 1227 opere
1396 1175 1457 1227 isto
1477 1186 1537 1226 per

250 1241 379 1279 multos
406 1239 481 1276 dies
509 1237 724 1284 detinuerat,
751 1236 947 1282 immemor,
975 1250 1045 1273 non
1073 1235 1251 1287 mancipia
1270 1235 1367 1285 fibi,
1387 1235 1455 1288 sed
1475 1236 1538 1273 mi-

251 1304 364 1350 lites‚·
391 1316 495 1353 neque
517 1312 556 1337 ut
576 1300 680 1352 suum
703 1312 822 1350 agrum
850 1298 1044 1342 excoleret,
1059 1298 1126 1349 sed
1152 1308 1190 1334 ut
1218 1297 1393 1349 publicum
1421 1309 1539 1334 extem-

251 1367 362 1411 deret,
385 1365 502 1402 clatos.
531 1362 604 1401 His
622 1360 850 1400 criminibus
866 1359 1061 1399 accusatus
1083 1360 1286 1406 atrociter,
1308 1358 1438 1398 frustra
1456 1368 1539 1398 ten-

255 1433 331 1464 tata
356 1423 593 1469 defensione,
616 1420 803 1471 suffragiis
833 1422 1012 1459 omnium
1036 1420 1206 1459 tribuum
1235 1421 1462 1469 damnatus,
1486 1422 1540 1460 ei-

254 1500 329 1537 que
353 1485 398 1524 lis
423 1486 599 1524 ducentis
627 1483 795 1534 millibus
821 1485 1025 1521 nummum
1053 1482 1236 1520 aestimata
1259 1481 1322 1520 est.

307 1548 418 1588 XIX.
451 1548 537 1596 Jam
570 1548 607 1586 P.
636 1546 836 1585 Cornelius
869 1546 1052 1593 Rufinus,
1084 1544 1141 1584 M.
1179 1544 1315 1584 Curius
1350 1543 1541 1583 Dentatus

255 1612 350 1650 novi
377 1608 549 1648 consules
582 1608 839 1658 magistratum
872 1609 1046 1646 inierant.
1086 1608 1139 1648 Hi
1164 1620 1254 1647 cum
1281 1608 1356 1647 suis
1383 1607 1542 1659 quisque

256 1672 503 1723 legionibus,
535 1673 736 1712 Samnium
772 1671 1088 1721 populationibus
1124 1684 1325 1721 agrorum,
1353 1672 1389 1710 Sc
1424 1671 1542 1709 ruinis

257 1734 417 1775 urbium
435 1734 540 1772 foede
563 1734 774 1773 vastavere:
793 1733 1056 1783 Samnitesque
1080 1732 1208 1772 multis
1235 1732 1329 1771 locis
1357 1733 1540 1783 congredi

256 1796 369 1835 ausos
393 1795 616 1845 ingentibus
653 1794 826 1834 cladibus
859 1795 907 1834 ad
936 1807 1071 1845 pacem
1101 1793 1303 1843 foedusque
1330 1795 1542 1844 petendum

259 1858 545 1909 compulerunt.
590 1858 688 1897 Cum
721 1857 823 1896 enim
854 1865 912 1895 tot
942 1856 1089 1907 proeliis
1114 1858 1353 1906 juventutem
1379 1855 1543 1911 pleram-⁴

263 1933 362 1970 que,
389 1928 503 1970 capto
529 1928 660 1958 autem
696 1920 736 1959 C.
763 1920 926 1968 Pontio,
952 1917 1152 1957 confilium
1184 1919 1303 1957 etiam
1334 1921 1369 1958 ἂ
1402 1919 1544 1958 ducem

200 1989 201 1992 ’
261 1981 488 2031 amifissent3
518 1982 633 2021 miffis
661 1983 709 2021 ad
747 1981 942 2030 consules,
972 1983 1007 2021 Sc
1040 1980 1178 2019 horum
1205 1980 1346 2020 assensu
1380 1980 1544 2019 Romam

261 2043 398 2093 legatis
417 2074 429 2092 ‚
455 2052 496 2082 ut
526 2045 654 2083 foedus
681 2056 769 2082 cum
801 2043 887 2093 ipsis
916 2050 1048 2093 quarto
1079 2050 1344 2090 renovaretur,
1367 2042 1544 2091 impetra-

260 2113 371 2143 runt:
397 2107 510 2144 credo
535 2106 715 2145 Romanis
742 2105 855 2143 etiam
878 2104 1071 2143 vincendo
1087 2104 1209 2152 fesiis,
1225 2102 1543 2154 cupientibusque

259 2165 408 2205 bellum
440 2166 624 2212 difficile,
653 2166 813 2217 ipsisque
841 2166 938 2217 saepe
967 2165 1260 2212 calamitosum,
1285 2164 1442 2202 tandem
1473 2165 1544 2203 ali-

262 2228 418 2278 quando
444 2236 553 2267 certae
576 2230 680 2278 pacis
701 2227 975 2277 tranquillitate
992 2238 1233 2276 componere.
1247 2224 1359 2264 Illata
1375 2227 1546 2275 primum

264 2289 499 2329 Samnitibus
537 2302 641 2327 arma
674 2289 729 2327 M.
758 2287 911 2327 Valerio
940 2288 1116 2334 tertium,
1147 2287 1190 2326 A.
1218 2285 1396 2324 Cornelio
1431 2286 1543 2325 Coffo

265 2349 485 2389 consulibus
512 2350 682 2399 reperio:
711 2362 792 2398 quae
809 2350 856 2387 ad
880 2357 1033 2399 quartos
1051 2350 1085 2387 ἃ
1108 2348 1438 2398 quinquagefimos
1454 2347 1544 2386 inde

262 2410 439 2450 consules
462 2410 563 2448 vario
592 2411 716 2450 Marte
745 2411 940 2459 exercita,
965 2418 1030 2449 aut
1056 2409 1267 2449 foederibus
1305 2423 1437 2460 parum
1462 2398 1556 2450 diu-¹

308 2527 333 2573 5
359 2526 480 2563 XVIII.
503 2526 647 2571 Dionys.
674 2538 726 2571 ap.
757 2525 870 2562 Vales.
894 2524 972 2560 Lim
1007 2536 1067 2567 10,
1090 2535 1142 2570 37.
1179 2526 1269 2569 Epit.
1296 2537 1348 2559 11v
