1701 3008
276 158 367 226 318
436 157 1491 208 JO.FRE1NSHEM115UPPLEM.

334 268 467 308 XXII.
498 267 642 306 Eodem
659 278 758 304 anno
786 264 860 304 alia
885 277 1038 316 quoque
1054 276 1151 305 nova
1169 265 1407 307 consuetudo
1431 268 1469 305 in
1485 266 1555 306 ho&

277 331 435 369 noi-ibus
460 329 732 379 imperatorum
756 327 884 377 coepit.
926 327 1005 367 Sub
1038 328 1156 368 finem
1182 329 1399 369 consulatus
1430 328 1486 367 sui
1510 330 1552 368 C.

278 391 444 441 Papirius
468 391 516 429 de
540 389 660 429 Corsis
685 389 724 427 in
746 398 877 428 monte
901 389 1050 429 Albano
1079 390 1333 442 triumphavit
1348 422 1359 440 ‚
1378 404 1411 430 a.
1435 391 1473 430 d.
1500 390 1555 430 HI

276 455 408 495 Nonas
429 453 600 493 Martias.
637 453 754 492 Causa
783 455 867 502 ejus
894 453 1040 492 confilii
1061 454 1216 502 fuerat,
1244 454 1349 504 quod
1376 453 1456 504 ipse
1486 453 1552 492 {ibi

274 530 335 555 res
357 515 552 566 triumpho
579 515 712 565 dignas
729 515 873 565 geffiss'e
893 515 1118 564 videbatur,
1136 526 1271 567 pacata
1289 517 1447 555 tandem
1465 516 1556 555 Cor-

276 578 375 617 fica:
407 590 532 627 neque
568 576 615 615 ab
653 578 794 616 Senatu
829 576 1019 617 honorem
1044 591 1134 617 eum
1162 578 1407 629 impetrabat.
1437 578 1558 629 quue

280 640 462 688 deinceps
488 633 710 688 exemplum
728 637 857 677 multis
879 640 926 677 ad
948 640 1207 678 imitationem
1232 639 1400 690 placuit:
1425 648 1470 679 ut
1495 652 1560 678 ne-

278 708 367 751 gato
390 700 459 738 fibi
483 698 682 749 triumpho
705 700 745 738 in
767 700 916 739 Albano
938 710 1070 740 monte
1091 700 1383 751 triumpharent.
1407 703 1561 751 Specta·-

278 761 337 800 vit
363 760 503 799 deinde
532 758 645 799 ludos
672 764 794 810 myrto
822 770 1049 810 coronatus,
1073 760 1221 801 delceta
1244 761 1317 801 hac
1342 774 1483 800 corona
1508 760 1558 800 ob

278 824 509 863 memoriam
533 823 587 861 rei
612 823 741 873 gestae,
759 823 863 873 quod
885 824 924 862 in
948 824 1093 874 campis
1117 824 1273 875 myrteis
1295 824 1429 863 Corsos
1444 823 1560 874 supe-

278 894 436 925 raverat.
475 884 656 925 Sardiniae
686 884 919 934 Corficaeque
939 885 1108 924 motibus
1129 885 1348 936 compositis
1364 916 1376 932 ,
1404 886 1559 935 Ligures

277 944 493 991 restabant,
523 944 699 983 adversus
728 958 822 995 quos
848 944 948 983 miffi
978 944 1151 984 consules
1179 946 1234 985 M.
1260 944 1434 985 AEmilius
1456 945 1497 984 L.
1520 944 1561 983 F.

281 1007 334 1056 Q.
360 1006 407 1045 N.
433 1004 620 1052 Barbula,
639 1004 697 1044 M.
715 1005 850 1053 Junius
874 1005 918 1044 D.
946 1004 987 1044 F.
1013 1005 1058 1044 D.
1084 1006 1134 1045 N.
1163 1006 1273 1055 Pera,
1289 1006 1387 1045 inter
1409 1005 1561 1056 profici-

278 1066 469 1106 scendum
491 1073 718 1115 comperto,
748 1065 879 1105 Gallos
903 1066 1016 1105 rebus
1039 1068 1149 1106 novis
1171 1066 1318 1106 studere
1332 1097 1344 1116 ‚
1364 1067 1458 1107 fines
1480 1065 1563 1105 illo-

277 1140 366 1166 rum
391 1138 479 1165 cum
511 1135 683 1166 exercitu
708 1134 954 1167 intraverunt.

335 1187 488 1228 XXIII.
521 1187 679 1227 irritatis
712 1188 815 1226 enim
844 1186 929 1238 lege
957 1186 1146 1228 Flaminia
1174 1187 1370 1241 Gallorum
1398 1189 1563 1238 animis,

280 1258 391 1289 natus
418 1256 497 1287 erat
519 1257 645 1287 metus
671 1249 831 1297 Romae,
854 1262 903 1288 ne
927 1250 1018 1300 quid
1040 1249 1267 1288 molirentur
1291 1250 1466 1290 homines
1486 1250 1563 1289 lacti

281 1310 386 1350 bello
404 1341 415 1359 ,
439 1313 474 1350 &
505 1311 552 1349 ad
576 1311 671 1349 iram
699 1311 924 1361 praecipites.
952 1325 1067 1362 quare
1091 1325 1213 1362 nuper
1239 1313 1410 1352 edietum
1438 1313 1563 1351 fuerat

281 1386 305 1413 a
321 1372 620 1423 magistratibus,
648 1385 697 1411 ne
713 1373 796 1422 quis
823 1372 971 1411 homini
991 1372 1100 1413 Gallo
1127 1387 1260 1412 aurum
1278 1372 1337 1412 vel
1363 1382 1564 1425 argentum

280 1437 415 1484 daret3
439 1436 525 1485 Boji
552 1437 657 1475 enim
684 1437 878 1486 ceterique
903 1435 1024 1483 Galli,
1045 1445 1129 1476 tum
1156 1450 1205 1476 ex
1235 1436 1395 1476 aliarum
1414 1450 1561 1485 rerum,

281 1507 367 1538 tum
398 1497 680 1547 mancipiorum
706 1498 928 1536 venditione
963 1487 1161 1549 ingentem
1199 1499 1404 1550 pecuniam
1443 1513 1564 1550 coge·-

281 1559 401 1599 bant:
431 1558 706 1608 incefferatque
728 1558 890 1609 suspicio
908 1591 919 1609 ‚
936 1573 986 1599 ne
1014 1561 1080 1600 ista
1101 1561 1150 1600 ad
1173 1560 1317 1599 bellum
1343 1561 1562 1601 Romanum

280 1630 489 1660 uterentur.
510 1621 639 1670 Quare
655 1623 775 1671 magis
790 1622 907 1661 etiam
922 1623 1088 1672 incitati,
1103 1626 1258 1674 cognito
1275 1623 1493 1663 consulibus
1508 1625 1566 1664 Li-

281 1684 472 1735 gusticum
497 1683 642 1722 bellum
665 1684 738 1723 effe
765 1685 986 1735 decretum,
1008 1685 1170 1725 occultis
1195 1686 1358 1725 consiliis
1377 1685 1452 1725 hoc
1476 1700 1563 1737 age*

280 1759 324 1786 :re
351 1746 598 1792 dicebantur,
616 1754 658 1784 ut
680 1748 910 1786 exercitibus
932 1748 1118 1789 Romanis
1143 1749 1390 1799 expeditione
1416 1748 1562 1799 longin-

286 1820 362 1857 qua
386 1808 574 1857 detentis,
594 1808 662 1858 ipsi
688 1808 832 1849 Urbem
855 1811 1159 1860 aggrederentur.
1197 1811 1375 1851 Ceterum
1399 1812 1563 1850 adventu

285 1869 485 1910 consulum
515 1872 657 1918 territi,
683 1884 771 1911 curn
797 1874 847 1913 ad
877 1873 955 1912 vim
981 1874 1196 1913 faciendam
1220 1873 1396 1924 imparati
1421 1874 1565 1922 essent,

283 1931 480 1971 Romanos
505 1932 545 1971 in
570 1933 676 1982 pacis
698 1933 948 1984 amicitiaeque
977 1935 1140 1984 speciem
1168 1935 1348 1974 simulatis
1375 1935 1562 1985 obsequiis

284 2006 485 2043 excepere.
535 1994 715 2033 Consules
750 2008 901 2045 quoque
941 1995 1085 2035 bellum
1118 1996 1334 2047 oppreffif'se
1367 1996 1565 2043 contenti,

285 2053 453 2104 causam,
469 2068 536 2094 cur
556 2070 602 2095 eo
618 2057 802 2096 veniffent
815 2089 826 2106 ‚
838 2057 980 2096 finxere
997 2089 1006 2106 ,
1024 2072 1061 2096 ut
1070 2075 1135 2113 per
1150 2060 1327 2099 Gallicum
1347 2074 1465 2112 agrum
1477 2075 1564 2098 com-

286 2119 422 2163 modius
449 2121 633 2157 excrcicum
657 2122 696 2158 in
719 2122 901 2173 Liguriam
928 2124 1096 2161 ducerent.

343 2176 491 2218 XXIV.
518 2179 719 2230 Superiore
741 2195 842 2220 anno
867 2182 1039 2221 censores
1056 2184 1149 2222 vitio
1176 2184 1266 2223 fac‘ti
1287 2183 1565 2225 abdicaverant.

287 2236 341 2275 ita
374 2237 433 2276 liis
461 2240 618 2279 demum
647 2242 864 2282 consulibus
891 2245 941 2294 Q.
968 2244 1106 2283 Fabius
1141 2247 1188 2294 Q.
1219 2245 1256 2284 F.
1285 2247 1333 2294 Q.
1360 2246 1407 2284 N.
1441 2246 1567 2285 Maxi-

288 2310 375 2337 mus
402 2300 656 2352 Verrucosus,
680 2303 738 2343 M.
765 2305 1011 2354 Sempronius
1033 2305 1073 2344 C.
1100 2305 1140 2344 F.
1167 2304 1224 2344 M.
1246 2305 1294 2344 N.
1324 2305 1563 2352 Tuditanus,
1598 2345 1605 2354 ,

274 2463 277 2467 Δ
337 2423 359 2463 5
383 2423 489 2457 XXII.
513 2424 588 2458 Col.
617 2426 764 2469 Capitol.
793 2427 870 2461 Val.
898 2428 991 2464 Max.
1015 2438 1053 2472 3,
1079 2429 1112 2462 6.
1134 2428 1220 2464 Plin.
1247 2440 1283 2471 15
1302 2456 1311 2471 ,
1335 2440 1387 2472 29,
1417 2440 1466 2463 10.
1493 2428 1564 2463 zo„

292 2479 365 2504 nar.
399 2469 421 2512 §
446 2468 566 2508 XXIII.
591 2469 709 2522 Polyb..
735 2483 781 2516 2,
804 2472 836 2509 8.
