1701 3008
304 203 396 253 300
462 187 558 234 JO.
596 182 1099 231 FREINSHEMII
1137 180 1521 230 SUPPLE-M.

305 301 433 333 amota
451 307 460 333 :
481 293 641 341 remiges
665 290 863 329 exercitati
886 288 1103 339 validique,
1120 288 1237 328 robur
1255 287 1452 340 legionum
1465 288 1587 329 haud-

305 368 494 406 quaquam
512 352 720 403 spernenda
741 351 789 390 ad
807 352 1006 390 victoriam
1030 359 1225 389 momenta
1250 351 1422 399 aderant.
1448 350 1587 390 Contra

306 419 433 457 Poenis
462 417 588 467 gravia
608 414 787 453 oneribus
811 414 984 464 navigia,
1003 426 1133 453 recens
1158 412 1295 453 delec‘ti
1318 415 1506 464 remiges,
1532 416 1589 462 ἃ,

304 489 347 519 ut
370 482 409 519 in
428 492 564 529 magna
588 478 809 525 securitate,
827 476 1067 528 negligenter
1085 490 1094 516 ε
1124 489 1247 527 neque
1268 477 1371 515 enim
1392 477 1591 516 Romanos

306 555 410 581 mare
426 548 679 580 retentaturos
700 538 772 578 effe
795 538 1045 589 speraverant.
1065 538 1160 588 Ergo
1174 569 1186 585 ,
1204 539 1259 578 uti
1278 536 1470 577 necessum
1486 545 1588 586 erat,

303 606 342 645 in
372 614 447 643 tam
480 605 619 655 impari
661 602 891 650 certamine,
921 615 998 640 non
1025 601 1141 652 longa
1168 601 1332 642 victoriae
1363 614 1471 641 mora
1503 600 1588 639 fuit.

305 668 469 707 Centum
490 668 675 718 &viginti
697 666 855 706 navibus
876 665 1035 712 amiffis,
1059 679 1218 716 quarum
1238 665 1476 717 septuaginta
1500 676 1590 703 cum

304 729 390 780 ipsis
421 729 643 768 hominibus
670 727 825 780 (millia
849 728 969 766 ferme
1000 728 1135 765 decem
1162 729 1293 780 erant)
1319 734 1441 777 capta:
1471 725 1558 764 sunt
1576 753 1588 773 ,

304 792 418 829 ceteri
451 790 726 841 percommode
764 797 912 828 mutato
950 789 1046 828 inter
1084 801 1223 840 pugnae
1257 797 1411 840 tempus
1446 796 1590 836 vento,

304 852 589 891 Hieronnesum
616 852 709 902 fuga
734 850 941 891 evaserunt.

360 914 491 953 LVIII.
524 915 615 953 Haec
642 906 698 951 est*
718 912 784 951 illa
811 911 953 951 nobilis
972 912 1178 952 Poenorum
1203 911 1252 951 ad
1276 912 1430 962 AEgates
1451 910 1591 951 insulas

307 974 464 1022 clades,
498 974 828 1024 quemadmodum
860 986 880 1012 a
911 968 1070 1025 Polybio
1111 973 1281 1012 maxime
1306 972 1493 1024 descripta
1526 971 1591 1013 est.

306 1050 393 1076 nam
413 1037 477 1076 alii
505 1037 705 1087 scriptores
734 1043 867 1086 captas
883 1049 996 1075 naves
1014 1046 1088 1075 tres
1107 1037 1142 1075 ἃ
1162 1033 1396 1087 septuaginta
1409 1066 1421 1084 ,
1435 1042 1588 1075 centum

306 1100 443 1149 viginti
473 1100 642 1150 quinque
668 1098 857 1138 demersas
872 1129 883 1144 ,
902 1099 978 1137 duo
1005 1100 1039 1138 Sc
1062 1098 1215 1149 triginta
1243 1097 1363 1137 millia
1386 1096 1586 1136 hominum

307 1170 420 1212 capta
437 1192 447 1209 ‚
476 1161 663 1200 tredecim
689 1160 808 1200 millia
828 1160 918 1199 caesa
943 1160 1164 1199 retulerunt.
1197 1160 1328 1200 Praeda
1353 1160 1428 1198 fuit
1443 1159 1592 1209 ingens,

307 1236 385 1261 non
417 1223 455 1260 in
485 1229 703 1260 commeatu
740 1221 857 1260 modo
882 1224 917 1261 ὁὶ
948 1222 1083 1269 armis,
1111 1221 1173 1260 sed
1198 1222 1313 1260 etiam
1340 1235 1432 1261 auro
1457 1233 1591 1272 argen-

308 1290 438 1333 toque.
468 1283 524 1322 Ex
548 1283 722 1322 Romana
738 1281 849 1320 classe
864 1294 977 1320 naves
1001 1282 1178 1321 interiere
1204 1282 1425 1322 duodecim.
1452 1280 1593 1320 Ferunt

307 1343 354 1382 ab
387 1344 496 1382 initio
530 1357 668 1394 pugnae
695 1344 938 1395 conspec‘tam
967 1345 1006 1382 in
1034 1342 1134 1382 coelo
1163 1342 1273 1393 supra
1303 1343 1493 1383 Romanas
1520 1356 1593 1381 na·-

307 1417 372 1443 ves
390 1404 513 1443 facem
530 1436 541 1453 ‚
569 1404 720 1444 Punicae
741 1404 842 1444 claffi
862 1404 967 1444 velut
990 1405 1122 1443 infesta
1143 1404 1301 1455 cuspide
1325 1405 1563 1444 minitantem
1578 1434 1590 1452 ‚

306 1466 532 1518 praesagium
557 1475 713 1506 eventus
748 1480 838 1507 mox
863 1466 1057 1506 consecuti
1081 1466 1220 1506 fecisse.
1258 1469 1400 1508 Hanno
1421 1480 1509 1507 cum
1538 1480 1593 1506 re-

304 1527 420 1577 liquis
449 1541 493 1566 ex
518 1529 654 1578 proelio
679 1530 863 1577 navibus,
886 1536 1020 1579 praeter
1039 1542 1125 1575 eas»,
1151 1542 1233 1580 quae
1262 1529 1470 1580 Lilybaeum
1497 1541 1590 1567 eva-

309 1587 458 1636 serant,
478 1589 750 1640 Carthaginem
777 1593 946 1630 revectus
963 1622 973 1638 ,
1002 1604 1133 1641 poenas
1156 1591 1388 1630 infelicitatis
1404 1589 1476 1629 suae
1505 1590 1590 1641 sup-

310 1650 426 1701 plicio
455 1653 591 1702 capitis
621 1652 701 1692 luit.
738 1654 785 1692 At
810 1653 851 1692 C.
878 1653 1049 1693 Lutatius
1076 1652 1208 1692 consul
1233 1654 1280 1692 ad
1311 1652 1588 1703 Lilybaetanum

310 1715 520 1752 exercitum
550 1715 770 1764 profectus,
809 1715 933 1754 donec
959 1722 1176 1766 percuratur
1204 1714 1363 1762 vulnus,
1394 1714 1590 1753 recensen-

315 1776 371 1814 dis
404 1776 562 1815 navibus
594 1775 892 1827 hominibusque
929 1777 1118 1826 captivis,
1158 1777 1461 1827 imperandoque
1497 1776 1589 1826 quid

313 1839 360 1877 de
392 1840 540 1889 lingulis
569 1840 648 1878 fieri
679 1839 820 1886 vellet,
856 1848 1014 1893 tempus¹
1033 1841 1234 1891 impendit.
1274 1841 1369 1880 Inde
1398 1840 1589 1891 profectus

312 1901 360 1940 ad
392 1901 552 1950 Erycem
577 1914 665 1940 cum
691 1901 906 1941 Hamilcare
931 1902 1109 1952 proelium
1129 1902 1339 1942 secundum
1362 1902 1476 1952 fecit,
1493 1903 1590 1942 duo-

311 1963 380 2001 bus
414 1965 543 2002 occifis
579 1965 785 2004 Poenorum
810 1966 990 2006 millibus.

361 2024 460 2064 LIX.
480 2028 525 2064 At
547 2026 890 2077 CarthaginienseS,
908 2028 1062 2078 cognita
1082 2028 1200 2075 cladis
1218 2028 1290 2068 suae
1309 2028 1587 2080 magnitudine,

313 2087 484 2124 nondum
515 2089 667 2136 quidem
699 2090 812 2127 animi
836 2090 883 2128 ad
913 2090 1193 2129 instaurandum
1221 2089 1362 2128 bellum
1382 2120 1391 2136 ,
1414 2089 1478 2128 sed
1505 2090 1584 2137 jam

314 2148 408 2184 vires
444 2151 478 2187 ὃς
510 2149 712 2188 facultates
735 2150 974 2190 deficiebant.
1004 2165 1128 2201 neque
1152 2145 1253 2190 enim
1284 2151 1445 2201 Erycino
1473 2162 1586 2189 exer-

315 2208 407 2245 citui
439 2208 720 2250 subministrare
757 2212 957 2251 necessaria
987 2222 1194 2263 poterant,
1228 2226 1330 2252 mare
1369 2212 1586 2252 tenentibus

314 2270 530 2310 Romanis:
572 2286 694 2321 neque
727 2274 750 2312 Γ]
787 2274 890 2312 hunc
920 2275 1144 2323 amisill'ent,
1173 2275 1290 2313 alium
1326 2284 1391 2315 aut
1420 2275 1584 2315 militem

314 2339 379 2370 aut
401 2332 538 2371 ducem
568 2333 786 2384 habebant,
812 2338 875 2375 cui
904 2337 1086 2376 auderent
1109 2336 1311 2376 considere.
1348 2338 1430 2377 Hac
1454 2336 1585 2376 neces·-

361 2457 380 2492 (ἐ
410 2457 508 2490 LVII.
534 2460 619 2494 flor.
645 2461 762 2504 Polyb.
782 2461 882 2495 Diod.
903 2465 926 2496 l.
955 2475 1008 2503 24.
1033 2464 1054 2508 5
1084 2464 1200 2499 LVIII.
1227 2465 1368 2510 Eutrop.
1395 2464 1494 2499 Oxos.
1517 2465 1583 2498 Zo-

316 2513 381 2533 nar.
409 2503 480 2546 1³01)
496 2506 524 2537 l).
