1701 3008
239 172 834 222 H1sToR1ARUM
887 171 1022 225 ΜΒ.
1069 171 1133 219 X.
1317 190 1348 236 9

61 286 113 334 &
139 283 334 332 induciae
367 284 568 348 quietum
599 282 843 331 tenebant:
878 281 1149 338 Samnitem,
1175 278 1350 327 multo-

59 377 162 409 rum
181 375 404 406 annorum
423 358 621 406 cladibus
641 357 865 404 domitum
879 393 894 416 ‚
916 357 1034 404 haud
1063 356 1170 403 dum
1199 354 1349 402 foede-

59 432 119 479 ris
148 432 266 479 novi
293 430 555 494 poenitebat.
605 429 766 475 Romae
798 444 983 492 quoque
1012 427 1188 491 plebem
1219 426 1350 489 quie-

63 518 153 554 tam
188 507 239 554 &
266 515 555 552 exoneratam
586 502 773 550 dedu&a
797 501 846 547 in
876 500 1082 549 colonias
1105 500 1350 548 multitudo

61 579 308 643 praestabat.
353 589 533 635 tamen,
565 592 622 622 ne
655 574 856 637 undique
891 572 1146 636 tranquillae
1178 589 1247 620 res
1283 571 1352 619 es-

61 651 186 710 sent,
219 662 445 698 certamen
477 647 688 710 injefitum
724 646 840 693 inter
871 645 1090 709 primores
1122 645 1350 705 civitatis,

61 722 277 788 patricios
306 721 596 787 plebejosque
609 757 625 779 ,
644 721 699 768 ab
719 720 910 767 tribunis
934 718 1076 783 plebis
1104 719 1165 779 Q.
1193 719 1244 765 &
1261 719 1352 766 Cn.

63 797 291 862 Ogulniis.
345 796 424 860 qui
448 832 463 855 ,
495 796 695 860 undique
739 793 1124 843 criminandorum
1170 792 1351 839 Patrum

61 872 182 935 apud
212 871 390 934 plebem
422 870 738 918 occasionibus
766 867 984 932 quaefitis,
1004 865 1238 930 postquam
1265 864 1350 912 alia

62 944 226 992 frustra
258 950 427 992 'tentata
457 954 613 1002 erant,
644 959 741 989 eam
779 941 1000 989 afflonem
1032 937 1350 1001 susceperunt,

61 1037 151 1084 qua
175 1036 272 1066 non
295 1017 494 1066 infimam
520 1017 698 1080 plebem
727 1015 1048 1071 accenderent,
1072 1011 1144 1058 sed
1163 1010 1254 1074 ipsa
1278 1026 1353 1057 ca-

62 1094 157 1158 pita
192 1093 365 1156 plebis,
404 1091 660 1140 consulares
695 1088 1068 1154 triumphalesque
1109 1085 1348 1151 plebejos:

64 1185 261 1232 quorum
291 1167 544 1214 honoribus
578 1165 722 1224 nihil,
753 1177 915 1228 praeter
950 1161 1221 1220 sacerdotia,
1249 1177 1352 1224 quae

65 1241 272 1288 nondum
300 1239 556 1303 promiscua
576 1252 730 1294 erant,
750 1237 923 1284 deesset.
953 1234 1255 1298 Rogationem
1276 1249 1351 1278 er-

66 1330 126 1378 go
157 1313 529 1376 promulgarunt,
555 1323 633 1369 ut,
654 1327 756 1358 cum
785 1321 981 1373 quatuor
1010 1321 1222 1369 augures,
1241 1321 1350 1368 qua-

65 1398 173 1434 tuor
206 1384 444 1449 pontifices
481 1401 530 1431 ea
564 1381 820 1445 tempestate
859 1380 1027 1437 effent,
1063 1378 1350 1440 placeretque

65 1460 217 1523 augeri
248 1459 527 1507 sacerdotum
563 1472 828 1513 numerum,
853 1464 1049 1517 quatuor
1078 1447 1315 1513 pontifices
1333 1483 1350 1506 ,
1385 1485 1389 1489 .

65 1533 266 1597 quinque
302 1548 519 1596 augures,
551 1529 605 1576 de
638 1528 768 1592 plebe
800 1541 958 1573 omnes
986 1561 1000 1583 ,
1024 1524 1352 1587 adlegerentur.

68 1606 468 1667 Quemadmodum
507 1604 562 1651 ad
596 1615 793 1668 quatuor
830 1616 1046 1665 augurum
1081 1613 1314 1644 numerum
1334 1630 1350 1655 ,

67 1681 151 1729 nisi
175 1694 322 1728 morte
353 1681 546 1728 duorum
562 1716 576 1737 ‚
606 1678 651 1725 id
677 1677 820 1742 redigi
846 1673 1086 1738 collegium
1117 1670 1350 1735 potuerit,

68 1772 166 1802 non
188 1755 407 1811 inveni03
429 1771 530 1801 cum
560 1753 677 1799 inter
698 1766 886 1814 augures
915 1746 1112 1802 constet,
1135 1745 1353 1808 imparem

68 1846 306 1877 numerum
327 1828 488 1875 debere
508 1826 592 1891 esse
606 1862 620 1885 ,
638 1836 688 1871 ut
706 1837 794 1871 tres
811 1821 1007 1885 antiquae
1029 1819 1169 1866 tribus
1183 1853 1196 1875 ,
1218 1818 1351 1863 Ram-

67 1919 177 1959 neS‚
211 1901 429 1948 Titienses
449 1937 462 1958 ,
494 1902 683 1946 Luceres
704 1933 717 1955 ,
750 1896 876 1943 suum
913 1908 1104 1957 quaeque
1136 1906 1352 1953 augurem

69 1973 295 2027 habeant,
338 1984 443 2025 aut,
475 1969 508 2016 fi
540 1968 740 2032 pluribus
778 1966 829 2011 fit
862 1981 1005 2027 opus,
1037 1962 1131 2025 pari
1163 1961 1280 2007 inter
1310 1958 1352 2005 se

70 2060 264 2093 numero
294 2042 543 2090 sacerdotes
568 2038 893 2102 multiplicent:
929 2036 1038 2083 ficut
1065 2032 1352 2097 multiplicati

70 2117 171 2165 sunt
189 2153 203 2176 ,
223 2134 327 2165 cum
353 2115 408 2161 ad
434 2127 628 2177 quatuor
659 2113 861 2176 quinque
893 2108 1047 2171 adjeffi
1077 2124 1248 2154 novem
1269 2122 1354 2151 nu-

70 2208 278 2249 merum,
310 2204 362 2236 ut
396 2186 511 2234 terni
543 2186 590 2232 in
626 2185 814 2248 singulas
847 2183 1010 2240 effent,
1041 2180 1353 2244 expleverunt.

72 2266 286 2312 Ceterum
308 2299 322 2321 ,
350 2261 453 2325 quia
488 2260 541 2306 de
573 2257 702 2322 plebe
733 2255 1072 2320 adlegebantur,
1096 2253 1222 2315 juxta
1254 2267 1352 2296 eam

72 2353 169 2383 rem
195 2351 308 2398 aegre
337 2334 443 2397 pasti
468 2333 617 2379 Patres
632 2367 647 2388 ,
668 2347 800 2394 quarn
822 2345 922 2375 curn
946 2325 1226 2374 consulatum
1248 2323 1352 2370 vul-

74 2407 169 2473 gari
187 2408 407 2454 viderent.
443 2404 718 2452 Simulabant
738 2403 793 2449 ad
818 2403 945 2450 Deos
965 2400 1011 2446 id
1030 2398 1166 2460 magis
1182 2432 1196 2454 ,
1218 2412 1351 2458 quam

63 2481 130 2529 ad
151 2479 217 2547 se7
246 2478 498 2544 pertinere:
531 2476 653 2542 ipsos
683 2474 887 2536 visuros,
916 2489 971 2521 ne
999 2471 1116 2522 sacra
1147 2468 1222 2516 sua
1249 2466 1351 2530 pole-
