<?xml version="1.0" encoding="UTF-8"?>
<!DOCTYPE html PUBLIC "-//W3C//DTD XHTML 1.0 Transitional//EN"
    "http://www.w3.org/TR/xhtml1/DTD/xhtml1-transitional.dtd">
<html xmlns="http://www.w3.org/1999/xhtml" xml:lang="en" lang="en">
 <head>
  <title>
</title>
<meta http-equiv="Content-Type" content="text/html;charset=utf-8" />
  <meta name='ocr-system' content='tesseract 3.04.00' />
  <meta name='ocr-capabilities' content='ocr_page ocr_carea ocr_par ocr_line ocrx_word'/>
</head>
<body>
  <div class='ocr_page' id='page_1' title='image "./historiarumlibri03livyuoft_0009.png"; bbox 0 0 1701 3008; ppageno 0'>
   <div class='ocr_carea' id='block_1_1' title="bbox 183 381 1264 439">
    <p class='ocr_par' dir='ltr' id='par_1_1' title="bbox 183 381 1264 439">
     <span class='ocr_line' id='line_1_1' title="bbox 183 381 1264 439; baseline -0.001 -1"><span class='ocrx_word' id='word_1_1' title='bbox 183 383 389 439; x_wconf 89' lang='lat' dir='ltr'>TITI</span> <span class='ocrx_word' id='word_1_2' title='bbox 458 381 704 438; x_wconf 88' lang='lat' dir='ltr'>LIVII</span> <span class='ocrx_word' id='word_1_3' title='bbox 773 381 1264 439; x_wconf 87' lang='lat' dir='ltr'><strong>PATAVINI</strong></span> 
     </span>
    </p>
   </div>
   <div class='ocr_carea' id='block_1_2' title="bbox 82 537 1376 629">
    <p class='ocr_par' dir='ltr' id='par_1_2' title="bbox 82 537 1376 629">
     <span class='ocr_line' id='line_1_2' title="bbox 82 537 1376 629; baseline 0 -1"><span class='ocrx_word' id='word_1_4' title='bbox 82 537 1376 629; x_wconf 86' lang='lat' dir='ltr'>HISTORIARUM</span> 
     </span>
    </p>
   </div>
   <div class='ocr_carea' id='block_1_3' title="bbox 311 716 1149 771">
    <p class='ocr_par' dir='ltr' id='par_1_3' title="bbox 311 716 1149 771">
     <span class='ocr_line' id='line_1_3' title="bbox 311 716 1149 771; baseline 0 -9"><span class='ocrx_word' id='word_1_5' title='bbox 311 716 409 771; x_wconf 80' lang='lat' dir='ltr'><strong>AB</strong></span> <span class='ocrx_word' id='word_1_6' title='bbox 470 717 688 764; x_wconf 89' lang='lat' dir='ltr'><strong>URBE</strong></span> <span class='ocrx_word' id='word_1_7' title='bbox 752 716 1149 764; x_wconf 86' lang='lat' dir='ltr'><strong>CONDITA</strong></span> 
     </span>
    </p>
   </div>
   <div class='ocr_carea' id='block_1_4' title="bbox 361 1120 1171 1286">
    <p class='ocr_par' dir='ltr' id='par_1_4' title="bbox 361 1120 1171 1286">
     <span class='ocr_line' id='line_1_4' title="bbox 466 1120 999 1176; baseline 0.002 -1"><span class='ocrx_word' id='word_1_8' title='bbox 466 1120 999 1176; x_wconf 89' lang='lat' dir='ltr'><strong>EPITOME</strong></span> 
     </span>
     <span class='ocr_line' id='line_1_5' title="bbox 361 1207 1171 1286; baseline 0.002 -2"><span class='ocrx_word' id='word_1_9' title='bbox 361 1243 673 1286; x_wconf 85' lang='lat' dir='ltr'><strong>LIBRI</strong></span> <span class='ocrx_word' id='word_1_10' title='bbox 760 1207 1171 1286; x_wconf 59' lang='lat' dir='ltr'>DECIML&#39;</span> 
     </span>
    </p>
   </div>
   <div class='ocr_carea' id='block_1_5' title="bbox 88 1356 1383 1426">
    <p class='ocr_par' dir='ltr' id='par_1_5' title="bbox 88 1356 1383 1426">
     <span class='ocr_line' id='line_1_6' title="bbox 88 1356 1383 1426; baseline 0.004 -13"><span class='ocrx_word' id='word_1_11' title='bbox 88 1356 260 1413; x_wconf 64' lang='lat' dir='ltr'><strong>Goioniae</strong></span> <span class='ocrx_word' id='word_1_12' title='bbox 295 1373 470 1416; x_wconf 67' lang='lat' dir='ltr'><strong>deduetae</strong></span> <span class='ocrx_word' id='word_1_13' title='bbox 496 1373 583 1414; x_wconf 86' lang='lat' dir='ltr'><strong>sunt</strong></span> <span class='ocrx_word' id='word_1_14' title='bbox 607 1376 724 1425; x_wconf 85' lang='lat' dir='ltr'><strong>Sora,</strong></span> <span class='ocrx_word' id='word_1_15' title='bbox 747 1377 785 1416; x_wconf 69' lang='grc' dir='ltr'>ἃ</span> <span class='ocrx_word' id='word_1_16' title='bbox 811 1375 936 1426; x_wconf 88' lang='lat' dir='ltr'><strong>Alba,</strong></span> <span class='ocrx_word' id='word_1_17' title='bbox 964 1378 1001 1417; x_wconf 67' lang='grc' dir='ltr'><strong>ὅ(</strong></span> <span class='ocrx_word' id='word_1_18' title='bbox 1038 1375 1217 1416; x_wconf 84' lang='lat' dir='ltr'>Carseoli.</span> <span class='ocrx_word' id='word_1_19' title='bbox 1261 1375 1383 1418; x_wconf 73' lang='lat' dir='ltr'><strong>Mars».</strong></span> 
     </span>
    </p>
   </div>
   <div class='ocr_carea' id='block_1_6' title="bbox 140 1442 1384 1565">
    <p class='ocr_par' dir='ltr' id='par_1_6' title="bbox 140 1442 1384 1565">
     <span class='ocr_line' id='line_1_7' title="bbox 140 1442 1380 1500; baseline 0.006 -20"><span class='ocrx_word' id='word_1_20' title='bbox 140 1444 184 1481; x_wconf 86' lang='lat' dir='ltr'><strong>in</strong></span> <span class='ocrx_word' id='word_1_21' title='bbox 203 1442 447 1482; x_wconf 88' lang='lat' dir='ltr'><strong>deditionem</strong></span> <span class='ocrx_word' id='word_1_22' title='bbox 469 1447 619 1494; x_wconf 84' lang='lat' dir='ltr'><strong>accepti</strong></span> <span class='ocrx_word' id='word_1_23' title='bbox 637 1446 736 1487; x_wconf 87' lang='lat' dir='ltr'><strong>sunt.</strong></span> <span class='ocrx_word' id='word_1_24' title='bbox 767 1446 985 1500; x_wconf 86' lang='lat' dir='ltr'><strong>Collegium</strong></span> <span class='ocrx_word' id='word_1_25' title='bbox 1005 1461 1192 1498; x_wconf 83' lang='lat' dir='ltr'><strong>augurum</strong></span> <span class='ocrx_word' id='word_1_26' title='bbox 1219 1448 1380 1499; x_wconf 70' lang='lat' dir='ltr'><strong>amplia-</strong></span> 
     </span>
     <span class='ocr_line' id='line_1_8' title="bbox 142 1509 1384 1565; baseline 0.005 -14"><span class='ocrx_word' id='word_1_27' title='bbox 142 1521 227 1551; x_wconf 89' lang='lat' dir='ltr'><strong>tum</strong></span> <span class='ocrx_word' id='word_1_28' title='bbox 247 1510 325 1561; x_wconf 88' lang='lat' dir='ltr'><strong>est,</strong></span> <span class='ocrx_word' id='word_1_29' title='bbox 349 1518 393 1550; x_wconf 89' lang='lat' dir='ltr'><strong>ut</strong></span> <span class='ocrx_word' id='word_1_30' title='bbox 418 1509 538 1550; x_wconf 79' lang='lat' dir='ltr'><strong>essent</strong></span> <span class='ocrx_word' id='word_1_31' title='bbox 565 1524 733 1560; x_wconf 88' lang='lat' dir='ltr'><strong>novem,</strong></span> <span class='ocrx_word' id='word_1_32' title='bbox 764 1525 854 1552; x_wconf 90' lang='lat' dir='ltr'><strong>cum</strong></span> <span class='ocrx_word' id='word_1_33' title='bbox 881 1522 993 1554; x_wconf 79' lang='lat' dir='ltr'><strong>antea</strong></span> <span class='ocrx_word' id='word_1_34' title='bbox 1014 1517 1189 1565; x_wconf 80' lang='lat' dir='ltr'>quaterni</span> <span class='ocrx_word' id='word_1_35' title='bbox 1215 1514 1384 1557; x_wconf 79' lang='lat' dir='ltr'><strong>fuiss&#39;ent.</strong></span> 
     </span>
    </p>
   </div>
   <div class='ocr_carea' id='block_1_7' title="bbox 141 1578 1389 2554">
    <p class='ocr_par' dir='ltr' id='par_1_7' title="bbox 141 1578 1389 2554">
     <span class='ocr_line' id='line_1_9' title="bbox 141 1578 1383 1632; baseline 0.004 -13"><span class='ocrx_word' id='word_1_36' title='bbox 141 1579 225 1620; x_wconf 82' lang='lat' dir='ltr'><strong>Lex</strong></span> <span class='ocrx_word' id='word_1_37' title='bbox 242 1578 291 1618; x_wconf 88' lang='lat' dir='ltr'><strong>de</strong></span> <span class='ocrx_word' id='word_1_38' title='bbox 308 1579 587 1630; x_wconf 83' lang='lat' dir='ltr'><strong>provocatione</strong></span> <span class='ocrx_word' id='word_1_39' title='bbox 609 1580 657 1619; x_wconf 85' lang='lat' dir='ltr'><strong>ad</strong></span> <span class='ocrx_word' id='word_1_40' title='bbox 680 1580 872 1632; x_wconf 89' lang='lat' dir='ltr'><strong>populum</strong></span> <span class='ocrx_word' id='word_1_41' title='bbox 892 1596 914 1622; x_wconf 80' lang='lat' dir='ltr'>a</span> <span class='ocrx_word' id='word_1_42' title='bbox 937 1582 1091 1622; x_wconf 79' lang='lat' dir='ltr'><strong>Valerio</strong></span> <span class='ocrx_word' id='word_1_43' title='bbox 1111 1583 1266 1623; x_wconf 84' lang='lat' dir='ltr'><strong>consule</strong></span> <span class='ocrx_word' id='word_1_44' title='bbox 1289 1594 1383 1624; x_wconf 84' lang='lat' dir='ltr'><strong>tunc</strong></span> 
     </span>
     <span class='ocr_line' id='line_1_10' title="bbox 141 1648 1381 1706; baseline 0.004 -14"><span class='ocrx_word' id='word_1_45' title='bbox 141 1654 303 1692; x_wconf 87' lang='lat' dir='ltr'><strong>tertium</strong></span> <span class='ocrx_word' id='word_1_46' title='bbox 331 1648 408 1692; x_wconf 85' lang='lat' dir='ltr'><strong>lata</strong></span> <span class='ocrx_word' id='word_1_47' title='bbox 437 1650 501 1692; x_wconf 92' lang='lat' dir='ltr'><strong>est.</strong></span> <span class='ocrx_word' id='word_1_48' title='bbox 545 1651 640 1692; x_wconf 81' lang='lat' dir='ltr'><strong>Duae</strong></span> <span class='ocrx_word' id='word_1_49' title='bbox 667 1653 788 1694; x_wconf 86' lang='lat' dir='ltr'><strong>tribus</strong></span> <span class='ocrx_word' id='word_1_50' title='bbox 821 1656 981 1706; x_wconf 65' lang='lat' dir='ltr'><strong>adjecrae</strong></span> <span class='ocrx_word' id='word_1_51' title='bbox 1018 1656 1125 1706; x_wconf 83' lang='lat' dir='ltr'><strong>sunt,</strong></span> <span class='ocrx_word' id='word_1_52' title='bbox 1153 1658 1321 1697; x_wconf 82' lang='lat' dir='ltr'><strong>Anicnfis</strong></span> <span class='ocrx_word' id='word_1_53' title='bbox 1343 1660 1381 1698; x_wconf 68' lang='grc' dir='ltr'><strong>ὃς</strong></span> 
     </span>
     <span class='ocr_line' id='line_1_11' title="bbox 142 1723 1384 1777; baseline 0.005 -13"><span class='ocrx_word' id='word_1_54' title='bbox 142 1723 366 1764; x_wconf 86' lang='lat' dir='ltr'><strong>Terentina.</strong></span> <span class='ocrx_word' id='word_1_55' title='bbox 415 1723 651 1764; x_wconf 79' lang='lat' dir='ltr'><strong>Samnitibus</strong></span> <span class='ocrx_word' id='word_1_56' title='bbox 691 1724 839 1767; x_wconf 87' lang='lat' dir='ltr'><strong>bellum</strong></span> <span class='ocrx_word' id='word_1_57' title='bbox 878 1729 1097 1777; x_wconf 65' lang='lat' dir='ltr'><strong>indietum,</strong></span> <span class='ocrx_word' id='word_1_58' title='bbox 1135 1732 1170 1769; x_wconf 70' lang='grc' dir='ltr'><strong>δε</strong></span> <span class='ocrx_word' id='word_1_59' title='bbox 1204 1730 1384 1770; x_wconf 76' lang='lat' dir='ltr'><strong>adversus</strong></span> 
     </span>
     <span class='ocr_line' id='line_1_12' title="bbox 143 1793 1389 1847; baseline 0.006 -15"><span class='ocrx_word' id='word_1_60' title='bbox 143 1806 210 1833; x_wconf 88' lang='lat' dir='ltr'><strong>eos</strong></span> <span class='ocrx_word' id='word_1_61' title='bbox 235 1793 336 1845; x_wconf 83' lang='lat' dir='ltr'><strong>saepe</strong></span> <span class='ocrx_word' id='word_1_62' title='bbox 360 1794 539 1845; x_wconf 84' lang='lat' dir='ltr'><strong>prospere</strong></span> <span class='ocrx_word' id='word_1_63' title='bbox 566 1803 782 1846; x_wconf 84' lang='lat' dir='ltr'><strong>pugnatum</strong></span> <span class='ocrx_word' id='word_1_64' title='bbox 809 1797 874 1837; x_wconf 87' lang='lat' dir='ltr'><strong>est.</strong></span> <span class='ocrx_word' id='word_1_65' title='bbox 918 1799 1019 1839; x_wconf 89' lang='lat' dir='ltr'><strong>Cum</strong></span> <span class='ocrx_word' id='word_1_66' title='bbox 1053 1799 1230 1839; x_wconf 85' lang='lat' dir='ltr'><strong>adversus</strong></span> <span class='ocrx_word' id='word_1_67' title='bbox 1263 1801 1389 1847; x_wconf 23' lang='lat' dir='ltr'><strong>Etru--</strong></span> 
     </span>
     <span class='ocr_line' id='line_1_13' title="bbox 145 1862 1381 1921; baseline 0.007 -19"><span class='ocrx_word' id='word_1_68' title='bbox 145 1862 258 1912; x_wconf 84' lang='lat' dir='ltr'><strong>scos,</strong></span> <span class='ocrx_word' id='word_1_69' title='bbox 280 1863 472 1913; x_wconf 87' lang='lat' dir='ltr'><strong>Umbros,</strong></span> <span class='ocrx_word' id='word_1_70' title='bbox 499 1865 715 1916; x_wconf 87' lang='lat' dir='ltr'><strong>Samnites,</strong></span> <span class='ocrx_word' id='word_1_71' title='bbox 742 1866 896 1917; x_wconf 81' lang='lat' dir='ltr'>Gallos,</span> <span class='ocrx_word' id='word_1_72' title='bbox 925 1869 962 1908; x_wconf 91' lang='lat' dir='ltr'><strong>P.</strong></span> <span class='ocrx_word' id='word_1_73' title='bbox 990 1869 1110 1908; x_wconf 84' lang='lat' dir='ltr'>Decio</span> <span class='ocrx_word' id='word_1_74' title='bbox 1133 1871 1167 1909; x_wconf 68' lang='grc' dir='ltr'><strong>δι</strong></span> <span class='ocrx_word' id='word_1_75' title='bbox 1194 1871 1242 1921; x_wconf 78' lang='lat' dir='ltr'><strong>Q.</strong></span> <span class='ocrx_word' id='word_1_76' title='bbox 1262 1864 1381 1912; x_wconf 76' lang='lat' dir='ltr'><strong>Fabio</strong></span> 
     </span>
     <span class='ocr_line' id='line_1_14' title="bbox 144 1932 1380 1991; baseline 0.006 -18"><span class='ocrx_word' id='word_1_77' title='bbox 144 1932 335 1983; x_wconf 79' lang='lat' dir='ltr'><strong>ducibus,</strong></span> <span class='ocrx_word' id='word_1_78' title='bbox 359 1944 616 1988; x_wconf 84' lang='lat' dir='ltr'>pugnaretur,</span> <span class='ocrx_word' id='word_1_79' title='bbox 641 1936 914 1991; x_wconf 83' lang='lat' dir='ltr'><strong>Romanusque</strong></span> <span class='ocrx_word' id='word_1_80' title='bbox 934 1942 1123 1980; x_wconf 84' lang='lat' dir='ltr'><strong>exercitus</strong></span> <span class='ocrx_word' id='word_1_81' title='bbox 1148 1940 1187 1979; x_wconf 86' lang='lat' dir='ltr'><strong>in</strong></span> <span class='ocrx_word' id='word_1_82' title='bbox 1208 1942 1380 1982; x_wconf 78' lang='lat' dir='ltr'><strong>maximo</strong></span> 
     </span>
     <span class='ocr_line' id='line_1_15' title="bbox 143 2005 1379 2064; baseline 0.006 -19"><span class='ocrx_word' id='word_1_83' title='bbox 143 2006 236 2046; x_wconf 84' lang='lat' dir='ltr'><strong>effet</strong></span> <span class='ocrx_word' id='word_1_84' title='bbox 269 2005 512 2057; x_wconf 83' lang='lat' dir='ltr'><strong>discrimine,</strong></span> <span class='ocrx_word' id='word_1_85' title='bbox 545 2009 584 2050; x_wconf 92' lang='lat' dir='ltr'><strong>P.</strong></span> <span class='ocrx_word' id='word_1_86' title='bbox 605 2008 746 2050; x_wconf 85' lang='lat' dir='ltr'><strong>Decius</strong></span> <span class='ocrx_word' id='word_1_87' title='bbox 764 2041 776 2061; x_wconf 91' lang='lat'><strong>,</strong></span> <span class='ocrx_word' id='word_1_88' title='bbox 797 2010 946 2052; x_wconf 83' lang='lat' dir='ltr'><strong>secutus</strong></span> <span class='ocrx_word' id='word_1_89' title='bbox 978 2010 1204 2063; x_wconf 78' lang='lat' dir='ltr'><strong>exemplum</strong></span> <span class='ocrx_word' id='word_1_90' title='bbox 1234 2015 1379 2064; x_wconf 76' lang='lat' dir='ltr'><strong>patris,</strong></span> 
     </span>
     <span class='ocr_line' id='line_1_16' title="bbox 144 2075 1380 2131; baseline 0.006 -16"><span class='ocrx_word' id='word_1_91' title='bbox 144 2076 303 2115; x_wconf 87' lang='lat' dir='ltr'><strong>devovit</strong></span> <span class='ocrx_word' id='word_1_92' title='bbox 334 2075 372 2115; x_wconf 90' lang='lat' dir='ltr'><strong>se</strong></span> <span class='ocrx_word' id='word_1_93' title='bbox 401 2089 471 2127; x_wconf 85' lang='lat' dir='ltr'><strong>pro</strong></span> <span class='ocrx_word' id='word_1_94' title='bbox 503 2079 678 2118; x_wconf 77' lang='lat' dir='ltr'><strong>exercitu</strong></span> <span class='ocrx_word' id='word_1_95' title='bbox 701 2109 712 2129; x_wconf 96' lang='lat'><strong>,</strong></span> <span class='ocrx_word' id='word_1_96' title='bbox 751 2082 786 2121; x_wconf 71' lang='grc' dir='ltr'><strong>ἃ</strong></span> <span class='ocrx_word' id='word_1_97' title='bbox 818 2089 943 2121; x_wconf 88' lang='lat' dir='ltr'><strong>morte</strong></span> <span class='ocrx_word' id='word_1_98' title='bbox 972 2081 1040 2121; x_wconf 81' lang='lat' dir='ltr'><strong>sua</strong></span> <span class='ocrx_word' id='word_1_99' title='bbox 1066 2081 1263 2121; x_wconf 58' lang='lat' dir='ltr'><strong>vitiorium</strong></span> <span class='ocrx_word' id='word_1_100' title='bbox 1297 2085 1380 2131; x_wconf 79' lang='lat' dir='ltr'><strong>ejus</strong></span> 
     </span>
     <span class='ocr_line' id='line_1_17' title="bbox 142 2146 1382 2207; baseline 0.004 -18"><span class='ocrx_word' id='word_1_101' title='bbox 142 2161 283 2201; x_wconf 87' lang='lat' dir='ltr'><strong>pugnae</strong></span> <span class='ocrx_word' id='word_1_102' title='bbox 310 2146 457 2201; x_wconf 85' lang='lat' dir='ltr'><strong>populo</strong></span> <span class='ocrx_word' id='word_1_103' title='bbox 488 2150 666 2192; x_wconf 82' lang='lat' dir='ltr'><strong>Romano</strong></span> <span class='ocrx_word' id='word_1_104' title='bbox 697 2153 815 2194; x_wconf 84' lang='lat' dir='ltr'><strong>dedit.</strong></span> <span class='ocrx_word' id='word_1_105' title='bbox 860 2155 1025 2207; x_wconf 84' lang='lat' dir='ltr'><strong>Papirius</strong></span> <span class='ocrx_word' id='word_1_106' title='bbox 1061 2154 1197 2193; x_wconf 83' lang='lat' dir='ltr'><strong>Cursor</strong></span> <span class='ocrx_word' id='word_1_107' title='bbox 1228 2156 1382 2195; x_wconf 69' lang='lat' dir='ltr'><strong>Samni-</strong></span> 
     </span>
     <span class='ocr_line' id='line_1_18' title="bbox 143 2219 1381 2274; baseline 0.006 -17"><span class='ocrx_word' id='word_1_108' title='bbox 143 2219 245 2258; x_wconf 83' lang='lat' dir='ltr'><strong>tium</strong></span> <span class='ocrx_word' id='word_1_109' title='bbox 270 2222 507 2269; x_wconf 81' lang='lat' dir='ltr'><strong>exercitum,</strong></span> <span class='ocrx_word' id='word_1_110' title='bbox 533 2223 599 2272; x_wconf 88' lang='lat' dir='ltr'><strong>qui</strong></span> <span class='ocrx_word' id='word_1_111' title='bbox 626 2223 874 2273; x_wconf 82' lang='lat' dir='ltr'><strong>jurejurando</strong></span> <span class='ocrx_word' id='word_1_112' title='bbox 901 2224 1118 2272; x_wconf 57' lang='lat' dir='ltr'><strong>obstrietus,</strong></span> <span class='ocrx_word' id='word_1_113' title='bbox 1137 2238 1213 2274; x_wconf 83' lang='lat' dir='ltr'><strong>quo</strong></span> <span class='ocrx_word' id='word_1_114' title='bbox 1236 2227 1381 2274; x_wconf 74' lang='lat' dir='ltr'><strong>majore</strong></span> 
     </span>
     <span class='ocr_line' id='line_1_19' title="bbox 147 2290 1381 2344; baseline 0.004 -16"><span class='ocrx_word' id='word_1_115' title='bbox 147 2290 363 2329; x_wconf 85' lang='lat' dir='ltr'><strong>constantia</strong></span> <span class='ocrx_word' id='word_1_116' title='bbox 389 2291 540 2330; x_wconf 86' lang='lat' dir='ltr'><strong>virtutis</strong></span> <span class='ocrx_word' id='word_1_117' title='bbox 572 2302 782 2344; x_wconf 80' lang='lat' dir='ltr'><strong>pugnaret,</strong></span> <span class='ocrx_word' id='word_1_118' title='bbox 801 2294 839 2333; x_wconf 89' lang='lat' dir='ltr'><strong>in</strong></span> <span class='ocrx_word' id='word_1_119' title='bbox 868 2295 990 2335; x_wconf 79' lang='lat' dir='ltr'><strong>aciem</strong></span> <span class='ocrx_word' id='word_1_120' title='bbox 1017 2293 1286 2344; x_wconf 78' lang='lat' dir='ltr'><strong>descenderat,</strong></span> <span class='ocrx_word' id='word_1_121' title='bbox 1316 2296 1381 2333; x_wconf 73' lang='lat' dir='ltr'><strong>fu-</strong></span> 
     </span>
     <span class='ocr_line' id='line_1_20' title="bbox 145 2361 1382 2406; baseline 0.002 -6"><span class='ocrx_word' id='word_1_122' title='bbox 145 2361 214 2402; x_wconf 84' lang='lat' dir='ltr'><strong>dit.</strong></span> <span class='ocrx_word' id='word_1_123' title='bbox 244 2361 388 2403; x_wconf 85' lang='lat' dir='ltr'><strong>Census</strong></span> <span class='ocrx_word' id='word_1_124' title='bbox 417 2365 522 2403; x_wconf 67' lang='lat' dir='ltr'><strong>aetus</strong></span> <span class='ocrx_word' id='word_1_125' title='bbox 549 2365 613 2404; x_wconf 85' lang='lat' dir='ltr'><strong>est.</strong></span> <span class='ocrx_word' id='word_1_126' title='bbox 645 2365 804 2406; x_wconf 85' lang='lat' dir='ltr'><strong>lustrum</strong></span> <span class='ocrx_word' id='word_1_127' title='bbox 828 2367 1041 2406; x_wconf 87' lang='lat' dir='ltr'><strong>conditum.</strong></span> <span class='ocrx_word' id='word_1_128' title='bbox 1073 2366 1182 2405; x_wconf 77' lang='lat' dir='ltr'><strong>censa</strong></span> <span class='ocrx_word' id='word_1_129' title='bbox 1211 2366 1295 2405; x_wconf 78' lang='lat' dir='ltr'><strong>suut</strong></span> <span class='ocrx_word' id='word_1_130' title='bbox 1323 2367 1382 2404; x_wconf 73' lang='lat' dir='ltr'><strong>ei-</strong></span> 
     </span>
     <span class='ocr_line' id='line_1_21' title="bbox 146 2431 1377 2490; baseline 0.002 -19"><span class='ocrx_word' id='word_1_131' title='bbox 146 2431 252 2472; x_wconf 88' lang='lat' dir='ltr'><strong>vium</strong></span> <span class='ocrx_word' id='word_1_132' title='bbox 281 2435 407 2485; x_wconf 81' lang='lat' dir='ltr'><strong>capita</strong></span> <span class='ocrx_word' id='word_1_133' title='bbox 440 2433 607 2475; x_wconf 83' lang='lat' dir='ltr'><strong>ducenta</strong></span> <span class='ocrx_word' id='word_1_134' title='bbox 639 2434 838 2490; x_wconf 83' lang='lat' dir='ltr'><strong>sexaginta</strong></span> <span class='ocrx_word' id='word_1_135' title='bbox 872 2438 950 2480; x_wconf 87' lang='lat' dir='ltr'><strong>duo</strong></span> <span class='ocrx_word' id='word_1_136' title='bbox 981 2434 1123 2483; x_wconf 78' lang='lat' dir='ltr'><strong>millia,</strong></span> <span class='ocrx_word' id='word_1_137' title='bbox 1155 2436 1377 2474; x_wconf 76' lang='lat' dir='ltr'><strong>&amp;trecenta</strong></span> 
     </span>
     <span class='ocr_line' id='line_1_22' title="bbox 149 2503 404 2554; baseline 0.024 -12"><span class='ocrx_word' id='word_1_138' title='bbox 149 2503 286 2554; x_wconf 86' lang='lat' dir='ltr'><strong>viginti</strong></span> <span class='ocrx_word' id='word_1_139' title='bbox 313 2505 404 2548; x_wconf 90' lang='lat' dir='ltr'><strong>duo.</strong></span> 
     </span>
    </p>
   </div>
   <div class='ocr_carea' id='block_1_8' title="bbox 184 2567 1146 2620">
    <p class='ocr_par' dir='ltr' id='par_1_8' title="bbox 184 2567 1146 2620">
     <span class='ocr_line' id='line_1_23' title="bbox 184 2567 1146 2620; baseline 0.008 -8"><span class='ocrx_word' id='word_1_140' title='bbox 184 2567 235 2613; x_wconf 80' lang='lat' dir='ltr'><strong>T.</strong></span> <span class='ocrx_word' id='word_1_141' title='bbox 264 2568 356 2616; x_wconf 68' lang='lat' dir='ltr'><strong>Liv.</strong></span> <span class='ocrx_word' id='word_1_142' title='bbox 394 2571 489 2618; x_wconf 83' lang='lat' dir='ltr'><strong>Vol.</strong></span> <span class='ocrx_word' id='word_1_143' title='bbox 524 2573 613 2620; x_wconf 75' lang='grc' dir='ltr'><em>ΙΙΙ,</em></span> <span class='ocrx_word' id='word_1_144' title='bbox 1109 2571 1146 2613; x_wconf 71' lang='grc' dir='ltr'>Α</span> 
     </span>
    </p>
   </div>
  </div>
 </body>
</html>
