1701 3008
182 262 200 298 ‚⁴
247 233 328 280 IN
376 229 552 276 LOC.
604 226 741 273 LIB.
792 223 936 269 XVI
992 220 1143 267 LIV.
1300 233 1385 264 201

67 347 78 356 '
101 339 183 391 pias
210 339 343 378 eduxit
375 321 500 376 ca‘stris
518 367 528 383 ,
567 337 603 374 δε
634 340 817 376 contento
841 330 974 369 itinere
1004 325 1206 380 Syracusas
1237 325 1392 376 refugit.

158 401 351 445 XXXVI.
382 400 435 440 Eo
465 397 645 438 submoto
672 395 841 446 Appius,
867 405 957 432 cum
980 401 1121 431 terrore
1144 389 1313 430 victoriae
1339 401 1395 427 re-

100 467 225 504 centis
245 465 294 503 ad
320 463 459 504 Poenos
482 473 635 511 quoque
662 457 914 498 debellandos
938 457 997 495 uti
1020 454 1155 503 vellet,
1177 452 1394 499 militibus,

100 539 145 567 ut
160 528 289 568 cibum
315 525 482 576 tempori
511 525 689 574 capiant,
707 522 883 572 imperat.
912 519 1054 560 deinde
1077 517 1293 558 albescente
1313 517 1395 565 jam

103 589 166 629 die
182 587 398 640 progressus
415 616 426 636 ,
453 586 569 625 castra
596 585 801 624 Poenorum
826 593 1050 633 oppugnare
1077 579 1248 618 instituit.
1279 578 1398 618 Erant

101 652 186 696 haec
212 652 300 691 loco
324 650 411 690 satis
438 657 524 688 tuto
551 646 671 698 posita
692 676 703 693 ‚
737 647 773 685 δι
803 652 939 685 natura
972 655 1165 693 manuque
1195 640 1398 692 diligenter

103 714 335 764 permunita.
367 711 457 750 hinc
473 722 603 758 mare,
629 707 720 749 inde
745 706 949 758 profundae
977 705 1162 757 paludes,
1187 705 1225 743 in
1253 705 1398 754 penin-

102 776 192 820 sula:
216 777 336 815 ferme
356 773 522 825 speciem
544 770 759 811 ambibarit.
786 769 885 808 inter
904 768 972 807 has
991 767 1190 818 angustum
1207 767 1370 817 spatium
1383 795 1395 813 ‚

103 854 180 892 quo
206 852 282 878 uno
306 837 401 878 adiri
432 842 604 886 poterat.
635 833 774 873 duetus
801 830 1001 872 adversum
1025 831 1236 880 irrupturos
1266 840 1397 867 murus

103 901 338 953 obsepiebat.
378 899 454 940 Hic
485 897 553 936 ubi
575 897 653 939 vim
678 894 853 936 feciffent
878 893 1043 934 Romani
1075 892 1219 932 milites
1236 922 1248 938 ‚
1270 903 1397 941 neque

101 963 279 1004 locorum
299 960 410 1002 simul
429 959 686 1010 iniquitatem,
704 960 738 998 ἃ
758 956 1086 1008 propugnantium
1106 954 1399 994 multitudinem

106 1027 258 1067 vincere
283 1023 455 1076 poffent,
483 1019 681 1060 missilibus
704 1021 896 1067 maxime,
913 1019 1008 1058 sicut
1032 1020 1074 1058 irr
1098 1017 1249 1058 urbium
1275 1030 1401 1068 oppu-

107 1089 290 1142 gnatione
317 1085 416 1129 solet
431 1115 442 1134 ‚
459 1098 539 1124 rem
567 1082 786 1135 gerentibus
811 1082 936 1122 Poenis
953 1112 966 1129 ‚
983 1081 1086 1120 irrito
1109 1081 1282 1132 incoepto
1308 1080 1402 1120 desi-

106 1152 199 1193 stere
223 1151 343 1192 coacti
373 1148 613 1189 recesserunt.
644 1148 751 1197 Sa‘pe
779 1147 818 1185 in
840 1145 952 1185 bellis
978 1145 1130 1185 meliori
1156 1144 1321 1186 fortunae
1343 1144 1399 1184 lo-

108 1227 199 1253 cum
226 1213 302 1252 sors
330 1212 480 1259 durior,
511 1212 546 1251 Sc
574 1208 714 1250 adversi
744 1208 791 1247 ab
825 1208 936 1247 initio
969 1207 1076 1248 casus
1110 1207 1262 1247 fecere:
1303 1207 1399 1246 dum

108 1276 169 1315 his
199 1274 352 1321 affecti,
379 1272 543 1313 consiliis
577 1270 788 1321 animisque
818 1269 1026 1320 majoribus
1052 1279 1258 1321 acceptum
1286 1270 1400 1308 detri-

110 1349 284 1378 mentum
319 1335 453 1376 sarcire
477 1335 655 1382 student;
678 1331 802 1372 hostes
834 1332 1028 1372 felicitatis
1053 1333 1236 1384 opinione
1259 1331 1402 1372 blanda

110 1401 311 1449 fascinati,
341 1412 465 1450 neque
498 1397 584 1438 satis
619 1396 818 1437 adversum
851 1396 1008 1436 fortuita
1051 1397 1326 1447 providentes,
1361 1395 1403 1433 in

113 1465 367 1510 temeritatem
403 1462 639 1502 auferuntur.

167 1523 374 1566 XXXVII.
408 1524 527 1574 Quod
559 1523 626 1562 illo
650 1531 826 1573 tempore
847 1519 1221 1572 Carthaginiensibus
1245 1519 1315 1558 usu
1338 1531 1402 1558 ve-

115 1590 184 1628 nit.
218 1587 293 1638 Qui
324 1585 500 1637 repulisse
516 1585 661 1624 hostem
680 1598 758 1624 non
774 1584 968 1632 contenti,
992 1592 1172 1634 tanquam
1188 1582 1403 1633 fugientem

120 1652 323 1701 eruptione
346 1661 394 1688 ex
413 1648 538 1688 castris
568 1649 669 1688 fat‘ta
694 1647 1044 1699 prosequebantur:
1066 1645 1142 1686 suae
1163 1646 1299 1685 virtuti
1325 1657 1405 1683 non

112 1713 329 1751 munitioni
362 1711 535 1751 locorum
573 1711 770 1751 Romanos
796 1708 937 1748 Ceffiffe
959 1709 1228 1748 existimantes.
1270 1706 1405 1758 Itaque

117 1776 319 1828 postquam
345 1788 390 1814 ex
418 1775 620 1826 angustiis,
642 1772 779 1823 quibus
803 1772 944 1811 defensi
967 1772 1118 1812 fuerant
1134 1802 1144 1820 ‚
1166 1770 1378 1822 processere
1394 1801 1407 1819 ‚

122 1841 268 1878 mutata
286 1850 376 1877 cum
396 1838 486 1880 loco
502 1838 659 1877 fortuna
679 1834 829 1887 proelii,
856 1834 1090 1885 magnusque
1117 1845 1250 1872 eorum
1272 1844 1407 1870 nume-

119 1914 186 1940 rus
214 1901 328 1941 caesus
350 1902 426 1944 est:
455 1902 588 1953 reliqui
616 1901 663 1940 ad
692 1899 834 1947 castra,
860 1912 945 1950 pars
962 1929 973 1946 ,
1000 1906 1045 1937 ut
1071 1897 1208 1947 cuique
1238 1895 1405 1934 maxime

121 1974 319 2017 promtum
337 1972 438 2013 erat,
457 1965 495 2002 in
516 1964 627 2003 urbes
651 1963 915 2010 circumjectas
929 1960 1141 2010 diffugere,
1160 1957 1285 2008 neque
1305 1957 1408 1997 dein-

118 2041 209 2080 ceps
224 2037 235 2077 3
249 2027 432 2078 quamdiu
450 2026 629 2067 Meffanae
651 2025 833 2065 Claudius
855 2024 929 2063 fuit
943 2054 953 2071 ,
975 2023 1102 2062 castris
1126 2022 1200 2061 suis
1222 2020 1408 2060 excedere

124 2089 319 2130 sunt'aufi.
347 2087 490 2129 Consul
512 2088 625 2128 etiam
652 2098 740 2126 cum
769 2094 903 2124 natura
926 2084 1002 2124 loci
1025 2087 1060 2125 <Sc
1078 2082 1304 2124 difficultate
1317 2081 1407 2121 situs

123 2153 259 2192 iterato
283 2163 452 2202 pugnare
471 2149 631 2188 minime
647 2146 863 2187 consultum
891 2146 1092 2186 arbitratus
1106 2175 1118 2194 ‚
1139 2158 1227 2184 cum
1256 2152 1409 2193 tempus

122 2212 176 2256 ibi
205 2213 352 2252 frustra«
366 2222 486 2252 terere
516 2211 683 2258 videret3
713 2211 882 2262 praelidio
911 2209 1090 2250 Messhnae
1115 2207 1246 2247 telino
1272 2206 1311 2246 in
1342 2206 1409 2257 Sy-

126 2276 394 2315 racusanorum
423 2274 688 2325 sociorumque
711 2274 804 2313 fines
834 2272 1121 2324 imprellionem
1146 2270 1263 2311 fecit:
1290 2267 1411 2319 iisque

59 2388 63 2393 ,
123 2339 281 2387 impune
304 2338 452 2378 vastatis
469 2368 480 2387 ‚
501 2346 651 2377 tantum
677 2327 860 2386 concepit
884 2335 1060 2382 fiducia:‚
1082 2342 1123 2373 ut
1137 2334 1215 2383 jam
1237 2331 1286 2371 ad
1310 2329 1410 2381 ipsas

125 2398 330 2450 Syracusas
358 2399 565 2438 exercitum
592 2399 749 2438 auderet
776 2397 993 2437 admovere.
1028 2395 1141 2435 Varia
1166 2394 1219 2434 ibi
1255 2393 1409 2433 fortuna

126 2468 316 2504 certatum
339 2459 415 2508 est3
439 2459 554 2500 semel
581 2460 695 2499 etiam
726 2458 859 2499 consul
882 2471 1021 2510 magno
1051 2457 1089 2496 in
1116 2453 1287 2508 periculo
1311 2453 1407 2492 fuit:

169 2575 206 2619 §-
231 2571 373 2610 XXXV.
398 2571 522 2609 zonas.
541 2571 661 2618 Polyb.
687 2584 701 2608 1
723 2572 757 2606 &
783 2583 834 2608 ιι.
866 2571 886 2615 §
908 2568 1066 2605 XXXVI.
1084 2567 1208 2601 Zonar.
1226 2565 1345 2610 Polyb.
1361 2572 1414 2596 12.
