1701 3008
263 190 342 238 IN
388 188 563 235 Loc2
609 187 746 235 ΜΒ.
799 184 912 234 xx
967 182 1118 234 ων,
1272 196 1359 252 335

77 294 182 336 tibus
211 295 365 345 confligi
395 304 593 346 coeptum,
626 294 826 334 fortiffime
859 294 1118 345 pugnantibus
1149 292 1366 344 Romanis,-

79 370 176 408 quos
199 356 363 397 consulis
389 358 548 396 audacia
568 359 604 396 Sc
619 357 772 396 fortuna
793 370 872 396 non
894 359 1018 395 minus
1042 356 1176 396 ardore
1195 369 1367 407 pugnan-

80 421 145 469 di,
169 433 282 471 quam
308 419 372 470 spe
399 420 565 460 vifftoriae
596 420 833 470 impleverat.
868 420 1002 470 Itaque
1030 433 1108 458 non
1137 431 1252 469 eques
1279 418 1368 459 Gal·

79 481 166 528 lus,
193 495 270 521 non
303 482 447 532 pedes,
476 495 694 532 quanquam
722 484 758 522 ὃς
789 480 854 520 ille
881 480 957 520 suis
994 480 1158 520 subsidio
1185 488 1367 528 venerat,

82 543 260 582 sustinere
288 544 366 584 vim
390 552 537 584 tantam
569 544 722 595 potuit:
758 556 916 593 raroque
947 542 1127 593 exemplo
1154 541 1369 592 pauciffimi

80 607 130 645 de
146 606 347 646 numeroso
369 607 536 646 exercitu
551 605 848 657 pulcherrimam
862 606 1059 646 victoriam
1077 604 1251 645 retulere.
1277 605 1369 646 Lec-

81 668 133 707 tis
158 667 300 706 deinde
326 667 452 718 spoliis
475 669 523 706 ad
551 667 738 718 collegam
767 667 919 706 revertit
943 666 1075 706 consul
1093 698 1103 715 ‚
1133 667 1198 717 qui
1220 667 1369 707 Acerris

81 730 307 779 occupatis,
322 728 389 768 ubi
408 742 586 779 magnam
613 743 773 769 annonae
801 730 952 780 copiam
980 731 1143 780 reperit,
1164 731 1267 768 circa
1287 729 1369 770 Me-

82 790 282 830 diolanum
312 799 430 840 caput
454 789 669 830 Insubrium
694 789 892 831 Gallorum
918 790 1095 829 adversus
1122 789 1246 833 hostes
1273 803 1369 842 aegre

81 854 122 895 se
148 853 366 893 tutabatur:
399 867 489 892 nam
515 853 572 892 illi
594 853 831 893 validiffimae
857 853 1244 904 frequentiffimaeque
1270 854 1372 892 urbis

82 916 282 972 obsidione
307 916 574 968 implicatum,
601 917 761 957 viciffim
792 917 894 968 quasi
922 916 1162 956 obfidebant.
1203 917 1280 957 Sed
1305 917 1372 956 ad-

83 988 201 1019 ventu
228 979 285 1019 M.
309 978 484 1019 Marcelli
508 979 586 1018 cito
604 987 864 1018 commutatus
890 979 942 1018 est
963 991 1088 1017 rerum
1117 978 1243 1019 status,
1270 979 1373 1018 Nam

87 1043 123 1082 ἃ
152 1040 306 1081 Gaesatae
331 1041 462 1080 audito
489 1041 585 1092 regis
612 1040 688 1080 fine
718 1040 964 1080 discesserunt
991 1053 1000 1077 2
1037 1042 1071 1078 δε
1095 1039 1142 1078 ab
1170 1039 1228 1078 his
1254 1039 1374 1079 relicti

85 1095 393 1146 Mediolanenses
421 1103 629 1144 defendere
655 1105 788 1143 urbem
814 1116 896 1142 non
923 1110 1095 1153 potuere.
1122 1101 1184 1141 Sic
1209 1100 1372 1151 ingenti-

87 1164 389 1220 busdlnsubrum
418 1166 541 1216 copiis
571 1165 696 1213 caesis,
724 1174 910 1215 captaque
940 1162 1192 1209 Mediolano,
1222 1163 1257 1201 δε
1286 1161 1374 1200 sub-

88 1227 180 1266 inde
217 1228 340 1267 Como
357 1257 368 1275 ,
393 1236 527 1266 ceterae
553 1227 734 1277 deinceps
756 1226 892 1274 urbes,
922 1227 957 1265 ἃ
979 1224 1179 1265 Insubrum
1205 1230 1286 1262 tota
1313 1237 1376 1262 na-

87 1289 170 1338 tio,
204 1289 368 1339 pecunia
403 1290 439 1328 Sc
468 1302 646 1339 agrorum
682 1298 789 1339 parte
819 1287 990 1327 mulctati
1008 1317 1019 1334 ‚
1049 1287 1097 1326 de
1125 1295 1252 1326 cetero
1289 1284 1375 1325 satis

88 1364 195 1403 aequa
223 1364 322 1403 pace
349 1351 578 1402 impetrata,
607 1351 648 1390 in
678 1351 916 1390 deditionem
948 1363 1095 1389 venere.

145 1413 222 1454 LV.
234 1413 290 1454 M.
308 1412 514 1453 Marcellus
535 1413 732 1463 provincia
749 1412 925 1451 confecta
940 1410 1232 1451 celeberrimum
1248 1411 1380 1467 trium-

87 1477 215 1528 phuni
225 1479 279 1526 'de
297 1475 419 1517 Gallis
434 1475 656 1516 Insubribus
679 1477 713 1514 ἃ
736 1475 932 1515 Germanis
955 1474 1064 1512 duxit
1081 1472 1262 1514 Kalendis
1277 1473 1380 1514 Nar·

93 1539 169 1579 tiis.
200 1540 294 1579 Haec
319 1541 441 1590 prima
464 1539 742 1578 Germanorum
767 1538 805 1575 in
830 1536 984 1576 historia
1008 1537 1185 1576 Romana
1207 1538 1380 1585 mentio,

92 1603 159 1653 qui
180 1616 228 1642 ex
245 1600 523 1641 transrhenanis
540 1600 717 1651 gentibus
743 1600 920 1639 mercede
941 1599 1121 1639 conducti
1138 1599 1380 1639 Viridomaro

94 1664 192 1703 duce
218 1663 257 1701 in
282 1662 432 1702 ltaliam
460 1669 653 1702 venerant.
706 1661 760 1701 Ex
787 1660 845 1700 his
875 1660 1065 1711 Gallisque
1092 1661 1232 1711 captivi
1256 1661 1381 1701 forma

93 1725 306 1775 statumque
334 1726 504 1776 corporis
521 1725 689 1776 ingenti,
707 1736 856 1763 currum
877 1724 1028 1764 victoris
1052 1723 1149 1762 inter
1162 1722 1284 1773 spolia
1303 1737 1382 1763 τηεψ

94 1787 190 1829 ximi
209 1788 319 1838 pretii
340 1787 632 1826 antecedebant.
678 1785 915 1836 Sequebatur
937 1785 1015 1836 ipse
1039 1784 1172 1824 consul
1197 1785 1379 1827 rariffimo

94 1847 314 1899 spc&aculo
344 1849 423 1888 caesr
448 1849 556 1888 ducis
577 1861 680 1887 arma
704 1847 788 1895 ,Iovi
807 1846 974 1887 Feretrio
996 1846 1131 1886 ferens,
1155 1859 1268 1897 quem
1297 1861 1382 1898 pro·

96 1912 248 1952 secutus
280 1925 300 1951 a
320 1919 427 1963 tergo
449 1912 639 1950 exercitus
665 1909 873 1961 splendidis
897 1917 1050 1947 ornatus
1075 1909 1211 1956 armis,
1229 1908 1383 1947 militari

95 1972 375 2014 acclamatione
400 1982 591 2024 cantuque
619 1972 848 2011 celebrabat.
885 1972 973 2011 Hoc
996 1971 1129 2009 ordine
1153 1983 1240 2009 cum
1265 1971 1311 2009 ad
1337 1983 1383 2010 ιτ-

97 2035 189 2074 dem
212 2034 370 2074 Feretrii
399 2043 623 2084 perventum
657 2035 771 2082 esset,
800 2032 1034 2073 descendens
1064 2045 1175 2072 curru
1203 2031 1257 2073 Μ.
1281 2033 1383 2073 Mat-

98 2095 245 2144 cellus,
275 2097 406 2147 opima
435 2095 554 2147 spolia
591 2097 673 2146 post
700 2096 910 2136 Romulum
937 2108 1065 2147 regem
1107 2098 1142 2136 δε
1169 2097 1212 2136 A.
1243 2095 1386 2136 Corne-

97 2157 195 2197 lium
214 2157 366 2197 Collum
389 2158 546 2206 tertius,
569 2171 692 2208 neque
716 2158 798 2208 post
815 2158 923 2197 illum
946 2157 1039 2196 alius
1058 2156 1264 2208 suspendit.
1291 2157 1385 2197 Haeo

100 2234 206 2260 arma
232 2220 396 2272 populus
430 2219 626 2261 Romanus
661 2222 797 2270 majori
828 2233 916 2259 cum
948 2220 1146 2271 voluptate
1174 2220 1385 2272 spectavit,

100 2284 207 2333 quod
228 2284 487 2322 Romanorum
510 2281 675 2321 militum
699 2295 803 2321 arma
823 2281 947 2322 hostes
970 2281 1143 2321 Vulcano
1162 2281 1304 2322 vovisse
1328 2282 1385 2321 di-

102 2344 314 2385 cebantur:
346 2354 527 2395 tantaque
549 2345 716 2385 vitstoriae
752 2346 833 2394 ejus
866 2343 998 2383 laetitia
1025 2343 1121 2392 fuit,
1153 2350 1196 2381 ut
1225 2342 1384 2382 Senatus

107 2506 119 2529 ἲ
155 2459 176 2548 ξ
199 2458 284 2495 LIV.
310 2459 385 2495 Val.
401 2460 495 2495 Max.
520 2470 597 2506 3,2‚
622 2472 651 2503 5.
671 2461 794 2499 Zona.
816 2458 903 2493 Plut.
931 2457 1033 2493 Oros.
1055 2468 1090 2499 4,
1111 2467 1160 2501 ¹3·
1179 2454 1257 2488 Zos.
1290 2453 1387 2487 Eurr.
