1701 3008
317 200 411 262 362
702 195 1263 244 T1T1L1V11

314 304 558 367 quidquam
584 301 718 348 fuerit
734 338 747 360 ‚
774 304 825 349 ὅ(
849 314 920 348 tot
954 319 1176 349 annorum
1198 302 1373 350 silentio
1400 303 1460 352 ita
1477 305 1597 354 vivo

316 393 373 423 eo
410 376 752 437 comprobatum
789 375 842 422 fit
879 374 1057 434 foedus,
1098 387 1150 423 ut
1190 394 1245 423 ne
1283 389 1466 425 mortuo
1492 380 1597 442 qui-

315 448 416 494 dem
440 449 618 494 auclore
646 448 890 512 quidquam
910 463 1167 496 mutaretur.
1200 452 1469 512 Quanquam
1488 487 1499 508 ‚
1519 451 1598 497 etfi

314 520 468 582 priore
501 519 670 566 foedere
704 520 912 578 staretur,
935 520 1034 567 satis
1063 517 1244 567 cautum
1280 535 1372 568 erat
1392 522 1598 585 Sagunti-

314 590 415 649 nis,
447 590 579 637 sociis
607 603 904 656 utrorumque
939 593 1166 655 exceptis:
1199 611 1299 640 nam
1336 610 1481 657 neque
1514 594 1597 640 ad·-

315 663 458 709 ditum
493 675 613 721 erat,
645 669 728 723 iis,
750 669 820 727 qui
848 682 947 712 tunc
964 663 1114 730 effe-nt,-
1147 683 1263 724 nec,
1283 687 1333 713 ne
1361 671 1431 728 qui
1458 669 1598 731 postea

315 757 341 782 a
381 755 619 784 amarentur.
649 739 698 785 ὅτ,
719 755 823 786 cum
842 739 1053 785 affumere
1071 755 1221 786 novos
1247 739 1400 787 liceret
1420 739 1597 799 socios,

315 809 416 871 quis
440 827 616 872 aequum
645 810 841 858 censeret
856 847 869 869 ,
893 824 968 858 aut
993 812 1056 858 ob
1080 811 1203 858 nulla
1223 829 1475 875 quenquam
1501 829 1599 859 mc·-

317 881 402 928 rita
421 881 466 928 in
485 882 725 930 amicitiam
746 883 918 946 recipi?
941 895 1016 929 aut
1042 894 1251 946 receptos
1280 884 1327 929 in
1347 882 1478 930 fidem
1501 901 1600 932 non

317 952 536 999 defendi?
576 965 748 1000 tantum
767 989 780 1010 ,
811 971 868 1000 ne
906 955 1340 1019 Carthaginienslum
1371 955 1482 1002 socii
1521 967 1599 1002 aut

318 1024 664 1072 sollicitarentur
693 1026 748 1073 ad
776 1026 1073 1074 defefflonem
1090 1064 1102 1085 ‚
1140 1040 1216 1074 aut
1242 1027 1314 1074 sua
1341 1026 1500 1090 sponte
1521 1029 1599 1076 de-

317 1096 553 1145 sciscentes
587 1098 907 1160 reciperentur.
942 1098 1094 1162 Legati
1112 1100 1308 1146 Romani
1336 1100 1390 1146 ab
1409 1100 1600 1146 Carrha-

318 1169 449 1231 gine,
484 1169 596 1217 ficut
624 1169 691 1216 his
722 1170 881 1215 Romae
914 1169 1184 1233 imperatum
1216 1183 1334 1229 erat,
1366 1173 1413 1218 in
1444 1172 1600 1236 Hispa-

319 1241 439 1288 niam
458 1277 473 1300 ,
506 1254 558 1288 ut
584 1242 757 1289 adirent
788 1242 1021 1301 civitates,
1050 1255 1101 1290 ut
1131 1243 1178 1290 in
1207 1243 1464 1292 societatem
1493 1262 1602 1308 per-

319 1313 508 1361 licerent
524 1351 538 1372 ,
572 1325 648 1361 aut
667 1325 924 1362 averterent
952 1332 976 1361 a
1005 1316 1159 1362 Poenis
1176 1351 1189 1374 ‚
1210 1315 1493 1377 trajecerunt.
1528 1316 1601 1364 Ad

318 1386 551 1450 Bargusios
582 1385 775 1450 primum
797 1398 1045 1434 venerunt:
1074 1404 1099 1433 a
1118 1388 1279 1451 quibus
1305 1388 1496 1452 benigne
1516 1407 1600 1436 ex-

319 1459 464 1521 cepti,
493 1458 598 1522 quia
625 1458 816 1505 taedebat
846 1459 1024 1522 imperii
1052 1459 1240 1517 Punici,
1276 1461 1443 1507 multos
1477 1472 1601 1509 trans

318 1529 494 1577 Iberum
515 1531 713 1593 populos
732 1532 787 1577 ad
806 1531 1063 1594 cupidinem
1083 1549 1219 1578 novae
1239 1531 1434 1579 fortunae
1448 1550 1601 1582 erexe-

320 1613 442 1649 runt.
477 1603 549 1649 Ad
576 1603 823 1650 Volcianos
854 1603 957 1651 inde
979 1604 1040 1650 est
1062 1617 1277 1652 ventum:
1310 1621 1503 1668 quorum
1524 1623 1600 1653 ce·-

321 1674 444 1722 lebre
481 1692 561 1738 per
597 1675 858 1738 Hispaniam
891 1677 1152 1740 responsum
1190 1692 1364 1726 ceteros
1400 1679 1601 1742 populos

321 1748 378 1795 ab
418 1748 628 1796 societate
663 1751 871 1797 Romana
907 1750 1084 1799 avertit.
1129 1750 1188 1797 ita
1223 1751 1342 1797 enirn
1379 1752 1601 1800 maximus

323 1834 431 1869 natu
458 1839 515 1869 ex
547 1821 600 1869 iis
631 1821 678 1869 in
713 1823 912 1870 concilio
939 1823 1193 1886 respondit:
1223 1826 1326 1885 Quae
1355 1827 1601 1872 verecundia.

323 1898 400 1962 est,
428 1899 643 1954 Romani,
666 1898 870 1962 postulare
892 1911 965 1944 vos
980 1932 993 1955 ‚
1012 1901 1076 1943 uti
1091 1899 1257 1963 vestram
1283 1901 1601 1960 Carthaginienq

308 1970 427 2033 stum
466 1973 657 2016 amicitiae
687 1989 981 2031 praeponamus
998 2006 1012 2028 ‚
1053 1990 1142 2017 cum
1161 2006 1177 2029 ,
1207 1975 1277 2033 qui
1306 1976 1355 2018 id
1375 1973 1564 2031 fecerunt
1580 2009 1600 2030 ,

323 2043 582 2102 Saguntinos
617 2045 849 2100 crudelius,
886 2062 1009 2104 quam
1041 2046 1198 2089 Poenus
1232 2045 1356 2109 lzostis
1381 2047 1600 2104 perdidit,

325 2131 398 2159 νος
418 2116 534 2175 socii
564 2118 835 2176 prodideritis
855 2118 880 2162 ἓ
920 2120 979 2162 ibi
1012 2118 1202 2178 quaeratis
1221 2118 1398 2179 socios,
1434 2119 1602 2177 censeo,

326 2189 398 2231 ubi
432 2192 671 2249 Saguntina
707 2193 843 2236 clades
879 2192 1023 2252 ignota
1054 2193 1118 2257 est.
1155 2191 1363 2250 Hisjoam’s
1395 2194 1600 2249 populis,

317 2259 427 2323 sicut
451 2264 613 2321 lugubre
629 2297 642 2319 ,
669 2266 728 2308 ita
761 2266 806 2308 in
822 2282 914 2325 igne
950 2267 1235 2309 documentum
1262 2264 1442 2322 Sagunti
1473 2265 1602 2309 mimz

325 2347 471 2385 erunt,
505 2351 554 2377 ne
589 2337 681 2393 quis
710 2337 810 2392 fidei
838 2339 1040 2380 Romame
1069 2351 1142 2380 aut
1167 2336 1363 2395 societati
1401 2338 1621 2394 confidam>-

325 2402 432 2447 Inde
452 2403 679 2465 extemplo
704 2404 825 2450 abire
855 2404 1016 2451 finibus
1038 2405 1368 2452 Volcianorum
1393 2404 1512 2467 juffi,
1542 2406 1602 2454 ab.

326 2474 457 2524 nullo
490 2474 649 2525 deinde
681 2476 883 2527 concilio
914 2477 1136 2542 Hispaniae
1168 2479 1433 2544 benigniora
1459 2479 1603 2530 verba
