1701 3008
285 177 349 225 30
636 159 1203 212 TITILIVII

282 269 396 319 novi
417 269 663 327 exercitus,
682 270 832 317 exorti
850 270 906 317 ad
926 260 1268 334 depopulandos
1286 273 1463 337 imperii
1482 277 1579 325 R-oai

280 345 403 391 mani
424 343 534 391 fines
551 381 564 401 ‚
586 361 666 407 per
688 343 909 411 Vescinos
934 345 980 390 in
1003 346 1294 409 Campaniam
1320 348 1578 399 Falernum·

281 436 370 481 que
404 417 558 482 agrum
597 417 920 464 transcendunt
939 454 953 476 ,
984 418 1273 484 ingentesque
1303 425 1475 485 praedas
1507 425 1578 473 fa-

281 493 421 540 ciunt.
456 491 761 539 Volumnium
778 527 792 550 ‚
813 491 984 555 magnis
998 491 1320 560 ‘itineribusin
1340 496 1577 547 Samnium

280 567 542 614 redeuntem
561 602 575 624 ‚
598 566 724 631 (jam
755 569 876 628 enim
898 566 1036 614 Fabio
1062 558 1306 633 Decioque
1337 572 1575 636 prorogati

277 639 458 704 imperii
490 638 594 687 finis
625 640 816 705 aderat)
841 641 957 688 fama
990 643 1045 688 de
1073 643 1339 691 Samnitium
1367 646 1572 694 exercitu

276 713 738 780 populationibusque
768 714 990 777 Campani
1015 713 1106 778 agri
1134 715 1186 761 ad
1206 718 1399 765 tuendos
1421 718 1574 768 socios

275 787 524 837 convertit.
579 790 643 834 Ut
672 787 720 833 in
751 787 972 834 Calenum
1007 805 1160 852 agrum
1193 789 1321 836 venit
1342 822 1357 845 ‚
1392 792 1442 839 &
1479 792 1572 855 ipse

276 854 424 910 cernit
453 860 650 908 recentia
680 860 818 908 cladis
854 863 1061 926 vestigia,
1085 866 1134 911 δε
1168 864 1325 912 Caleni
1357 879 1571 925 narrant,

277 946 450 983 tantum
474 932 562 993 jam
583 934 744 995 praedae
770 933 915 980 hostes
944 935 1117 982 trahere
1133 972 1148 993 ,
1171 948 1219 982 ut
1239 938 1320 987 vix
1341 938 1570 1000 explicare

273 1026 433 1073 agmen
455 1007 649 1070 poffint:
684 1007 834 1071 itaque
863 1008 950 1070 jam
984 1009 1218 1072 propalam
1250 1010 1384 1057 duces
1407 1011 1568 1075 loqui,

271 1081 506 1144 extemplo
527 1081 723 1126 eundum
744 1081 789 1126 in
811 1081 1039 1128 Samnium
1074 1082 1187 1138 effe3
1220 1094 1296 1139 ut,
1320 1083 1470 1147 relicta
1502 1084 1568 1133 ibi

269 1156 451 1220 praeda,
478 1155 525 1200 in
557 1154 893 1216 expeditionem
925 1157 1108 1203 redeant
1127 1193 1142 1214 ,
1162 1174 1245 1204 nec
1278 1170 1369 1205 tam
1404 1175 1566 1207 onera-

268 1243 364 1278 tum
386 1247 543 1294 agmen
563 1229 847 1276 dimicationi
868 1231 1168 1278 committant.
1199 1233 1283 1289 Ea,
1307 1250 1564 1296 quanquam

266 1303 428 1350 similia
461 1302 581 1349 veris
615 1315 770 1360 erant,
805 1303 967 1351 certius
999 1315 1147 1350 tamen
1179 1306 1455 1367 exploranda
1487 1324 1562 1354 ra-

265 1392 339 1428 tus
355 1416 369 1437 ,
391 1377 576 1425 dimittit
594 1377 790 1439 equites,
808 1377 886 1441 qui
905 1394 1047 1441 vagos
1068 1379 1341 1440 praedatores
1360 1379 1405 1426 in
1427 1398 1559 1445 agros

263 1452 466 1515 palantes
500 1450 758 1512 excipiant:
791 1467 849 1496 ex
878 1450 1039 1514 quibus
1070 1451 1343 1514 inquirendo
1379 1470 1559 1517 cogno-

264 1526 372 1585 scit,
393 1524 449 1572 ad
467 1524 745 1571 Vulturnum
764 1524 931 1571 flumen
952 1525 1101 1572 sedere
1121 1525 1296 1573 hostem
1315 1544 1326 1573 ε
1345 1525 1447 1573 inde
1468 1539 1557 1573 ter·

258 1600 325 1647 tia
352 1596 509 1662 vigilia
548 1610 815 1645 moturum:
859 1599 943 1645 iter
974 1599 1019 1644 in
1051 1599 1278 1646 Samnium
1316 1600 1414 1646 effe.
1470 1600 1554 1648 His

262 1672 367 1722 satis
390 1670 634 1734 exploratis
663 1669 919 1733 proscenis,
944 1684 1072 1718 tanto
1106 1671 1346 1720 intervallo
1382 1673 1438 1719 ab
1467 1673 1554 1720 ho-

261 1746 400 1794 stibus
430 1743 663 1803 consedit,
688 1755 738 1790 ut
764 1761 846 1791 nec
875 1745 1096 1792 adventus
1116 1745 1217 1793 suus
1237 1746 1555 1810 propinquitao

258 1832 305 1867 te
331 1819 470 1866 nimia
501 1817 627 1867 nosci
657 1818 825 1881 posset,
847 1820 896 1866 &
918 1821 1217 1883 egredientem
1244 1838 1267 1867 e
1291 1821 1439 1868 castris
1463 1823 1553 1868 ho·-

257 1894 366 1942 stem
395 1893 687 1955 opprimeret.
727 1892 977 1956 Aliquanto
1006 1905 1108 1941 ante
1144 1894 1288 1941 lucem
1322 1895 1375 1940 ad
1411 1895 1551 1944 castra

254 1964 462 2022 acceffit3
491 1964 740 2028 gnarosque
760 1967 889 2013 Oscae
912 1967 1072 2030 linguae
1089 2005 1103 2024 ,
1124 1969 1408 2031 exploratum
1432 1968 1544 2032 quid

252 2052 429 2102 agatur,
451 2039 600 2084 mittit.
624 2039 871 2086 lntermixti
895 2040 1096 2087 hostibus
1119 2040 1276 2105 (quod
1300 2041 1428 2087 facile
1449 2052 1543 2088 erat

250 2111 299 2158 in
321 2111 543 2157 nocturna
577 2110 911 2175 trepidatione)
945 2113 1230 2177 cognoscunt
1246 2150 1259 2171 ‚
1284 2113 1543 2177 infrequen-

250 2185 313 2231 tia
336 2184 512 2231 armatis
533 2186 652 2248 signa
673 2185 834 2249 egreffa
852 2223 864 2240 ‚
880 2188 1074 2250 praed‘am
1105 2189 1355 2252 praedaeque
1384 2190 1541 2236 custo-

251 2259 330 2306 ‹les
352 2261 475 2305 exire
488 2295 501 2316 ‚
519 2260 721 2323 ignobile
741 2279 898 2325 agmen
911 2298 924 2320 ,
940 2264 989 2309 &
1008 2263 1085 2310 sua
1103 2280 1327 2326 quemque
1346 2265 1540 2311 molien-

251 2342 343 2377 tem
361 2367 376 2388 ,
398 2332 526 2378 nullo
545 2333 660 2378 inter
685 2333 797 2380 alios
818 2334 1064 2393 consensu,
1088 2353 1169 2383 nec
1190 2337 1287 2383 satis
1308 2351 1433 2384 certo
1453 2339 1540 2385 im-

249 2405 397 2468 perio.
434 2405 633 2467 Tempus
666 2407 950 2468 aggrediendi
983 2409 1251 2471 aptiflimum
1275 2411 1417 2457 visum
1448 2411 1538 2458 est:

250 2480 303 2528 &
330 2479 420 2544 jam
452 2479 530 2528 lux
563 2480 815 2544 appetebat.
852 2481 1004 2548 itaque
1037 2483 1158 2548 signa
1192 2502 1349 2535 canere
1380 2485 1536 2549 juffit3
