1701 3008
319 204 409 269 358
706 204 1273 254 T1T1L1v11

316 311 521 358 consules
557 310 750 369 fuerint,
790 311 846 358 ad
877 329 992 375 quos
1020 315 1068 362 &
1099 313 1326 377 principio
1358 327 1599 380 oppugnad

313 383 453 429 tionis
484 382 615 445 legati
639 383 871 445 Saguntini
890 385 1003 430 miffi
1024 385 1134 443 sint,
1155 387 1205 432 &
1225 387 1304 449 qui
1330 387 1376 432 in
1399 387 1480 434 suo
1502 406 1598 435 maa·

313 454 493 518 gistratu
518 472 618 501 cum
637 455 915 515 Hannibale,
936 457 1047 504 alter
1074 458 1130 504 ad
1148 457 1361 506 Ticinum
1392 477 1597 519 amnem,

313 530 448 575 ambo
469 529 698 594 aliquanto
719 531 817 594 post
831 531 884 578 ad
906 532 1147 591 Trebiam,
1166 535 1482 596 pugnaverint.
1509 535 1599 583 Aut

312 603 467 648 omnia
481 603 693 650 breviora
713 605 945 668 aliquanto
963 605 1107 653 fuere:
1127 620 1202 653 aut
1215 607 1454 670 Saguntum
1477 608 1600 670 prin·

313 674 437 737 cipio
461 677 592 736 anni,
613 695 705 741 quo
727 681 771 725 P.
792 680 1036 727 Cornelius
1053 717 1066 738 ,
1085 681 1157 727 Ti.
1172 681 1464 743 Sempronius
1484 698 1599 729 con·-

315 748 429 799 sules
462 752 643 800 fuerunt
665 790 680 810 ,
722 771 817 799 non
853 766 1055 816 coeptum
1097 754 1353 818 oppugnari
1389 754 1483 811 est,
1527 753 1601 802 sed

314 837 509 888 captum.
548 828 664 873 Nam
697 828 917 874 excessisse
951 845 1095 891 pugna
1123 828 1177 874 ad
1197 827 1408 874 Trebiam
1440 827 1485 873 in
1516 845 1599 873 an·-

314 917 424 947 num
452 902 537 948 Cn.
561 901 740 948 Servilii
770 904 817 950 &
845 904 897 950 C.
926 902 1132 949 Flaminii
1161 919 1257 948 non
1289 902 1456 964 potest:
1494 901 1598 965 quia

315 974 556 1022 Flaminius
578 975 766 1022 Arimini
788 975 1068 1022 consulatum
1097 974 1223 1033 iniit,
1255 986 1426 1035 creatus
1452 975 1506 1020 ab
1523 974 1597 1022 Ti.

313 1047 587 1109 Sempronio
610 1047 821 1102 consule;
851 1048 956 1111 qui,
976 1047 1076 1110 post
1095 1064 1289 1111 pugnam
1312 1047 1367 1092 ad
1384 1047 1597 1094 Trebiam

314 1122 371 1170 ad
406 1122 620 1170 creandos
654 1121 858 1169 consules
895 1123 1088 1169 Romam
1125 1138 1229 1168 cum
1261 1120 1480 1178 venisset,
1513 1138 1596 1169 cow-

313 1193 450 1239 mitiis
479 1195 684 1255 perfeffis
715 1195 769 1241 ad
794 1196 1041 1243 exercitum
1075 1194 1121 1241 in
1145 1195 1330 1240 hiberna
1355 1193 1498 1242 rediit.

379 1269 509 1315 XVI.
542 1269 631 1314 Sub
662 1268 778 1316 idem
814 1269 906 1316 fere
940 1280 1116 1331 tempus
1146 1270 1196 1316 &
1227 1268 1385 1332 legati,
1417 1269 1493 1331 qui
1522 1285 1597 1315 re·-

314 1343 489 1390 dierant
523 1361 547 1390 a
577 1344 873 1407 Carthagine,
905 1345 1100 1391 Romam
1135 1343 1413 1402 retulerunt,
1443 1343 1597 1390 omnia

313 1416 492 1463 hostilia
523 1416 635 1472 effe,
671 1417 721 1463 &
755 1416 939 1479 Sagunti
969 1415 1196 1462 excidium
1226 1416 1478 1462 nuntiatum
1510 1415 1594 1462 est:

314 1490 550 1551 tantusque
583 1489 708 1536 fimul
731 1506 905 1536 moeror
918 1490 1062 1535 Patres
1077 1524 1090 1547 ,
1109 1488 1505 1552 misericordiaque
1525 1486 1598 1533 so*

314 1562 493 1607 ciorum
528 1573 836 1621 peremtorum
873 1561 1085 1624 indigne,
1128 1564 1177 1609 &
1209 1561 1357 1623 pudor
1391 1577 1485 1607 non
1519 1557 1597 1608 lati

314 1633 496 1690 auxilii,
515 1635 564 1679 &
587 1632 651 1679 ira
670 1634 715 1679 in
733 1633 1144 1698 Carthaginienses,
1159 1633 1388 1695 metusque
1409 1632 1462 1679 de
1483 1630 1598 1678 sum-

314 1724 384 1752 ma
416 1723 564 1753 rerum
599 1707 718 1769 cepit
736 1743 748 1764 ‚
782 1707 910 1754 velut
939 1708 970 1753 fi
1005 1706 1094 1768 jam
1120 1708 1176 1753 ad
1196 1719 1347 1768 portas
1371 1704 1508 1752 hostis
1529 1703 1597 1750 eso

314 1778 408 1832 ἱεῖς
445 1795 523 1836 ut,
554 1791 625 1825 tot
655 1797 748 1825 uno
780 1792 983 1843 tempore
1008 1779 1206 1826 motibus
1235 1779 1372 1826 animi
1402 1778 1600 1837 turbati,

315 1852 588 1910 trepidarent
618 1851 782 1915 magis,
802 1868 937 1912 quam
970 1850 1268 1898 consulerent.
1302 1854 1418 1899 Nam
1450 1868 1597 1917 neque

314 1923 485 1970 hostem
517 1924 735 1970 acriorem
768 1924 1187 1987 bellicosioremque
1215 1926 1364 1973 secum
1386 1925 1598 1989 congrese

315 1993 408 2040 sum
428 2013 440 2049 ;
475 2014 556 2042 nec
577 2014 666 2042 rem
688 1998 941 2043 Romanam
958 2008 1047 2043 tam
1069 1996 1259 2042 desidem
1276 2015 1474 2059 unquam
1491 1995 1599 2042 fuis-

316 2070 358 2116 se
390 2082 523 2132 atque
554 2070 791 2117 imbellem.
825 2071 1013 2128 Sardos,
1039 2070 1323 2133 Corsosque,
1357 2074 1407 2118 &
1432 2071 1596 2129 Istros,

314 2153 449 2203 atque
490 2141 701 2204 Illyrios,
735 2143 938 2189 laceffiffe
965 2143 1129 2205 magis,
1160 2159 1294 2205 quam
1327 2142 1594 2200 exercuisse,

316 2214 521 2258 Romana
542 2231 660 2259 arma
679 2233 689 2260 :
724 2216 773 2261 ὅ(
797 2231 898 2261 cum
919 2215 1060 2261 Gallis
1080 2213 1399 2261 tumultuatum
1421 2214 1597 2272 verius,

315 2300 448 2345 quam
483 2285 802 2347 belligeratum.
842 2289 1031 2333 Poenum
1054 2323 1067 2344 ,
1101 2285 1271 2332 hostem
1300 2297 1596 2346 veteranum,
1668 2289 1673 2292 ’

317 2354 451 2400 trium
488 2358 535 2402 ὃ(
570 2356 732 2418 viginti
764 2375 988 2403 annorum
1021 2357 1177 2404 militia
1216 2357 1437 2404 durissima
1478 2356 1596 2404 inter

316 2425 529 2488 Hispanas
552 2439 701 2490 gentes
724 2427 892 2490 semper
904 2429 1145 2485 victorem,
1165 2430 1357 2492 primurn
1374 2429 1594 2481 Hamilca·

316 2514 387 2563 re,
408 2499 565 2549 deinde
582 2499 881 2561 Hasdrubale,
896 2518 1015 2551 nunc
1032 2503 1284 2555 Hannibale
1306 2502 1418 2555 duee
1432 2501 1594 2555 acerriw,

1690 2846 1701 3008 Q—m„-„„
1700 2823 1701 2835 M
