1701 3008
259 224 846 274 HISTORIARUM
892 227 1027 276 LIB.
1080 228 1142 276 X.
1320 244 1381 295 57

78 333 349 399 gerebantur
365 369 380 391 ‚
399 333 542 381 altero
564 335 769 382 exercitu
796 336 1016 384 Samnites
1045 339 1346 386 Interamnam
1362 375 1380 399 ‚

78 408 314 458 coloniam
350 409 603 455 Romanam
625 445 639 464 ,
669 426 770 472 quae
803 411 880 456 via
917 410 1073 457 Latina
1109 411 1171 457 est
1192 447 1206 470 ,
1236 428 1382 460 occu-

78 499 185 548 pare
215 483 400 542 conati,
423 483 579 530 urbem
613 497 710 528 non
742 493 987 529 tenuerunt
1015 501 1025 529 :
1065 500 1198 547 agros
1232 485 1380 547 depo-

78 557 225 622 pulati
262 575 364 605 cum
395 555 589 619 praedam
621 554 752 602 aliam
788 555 890 601 inde
928 556 1110 602 mixtam
1141 557 1382 605 hominum

79 642 220 693 atque
262 629 483 691 pecudum
508 662 523 685 ‚
560 625 845 689 colonosque
886 638 1042 688 captos
1083 641 1296 690 agerent,
1333 629 1382 675 in

81 703 309 751 victorem
344 700 554 747 incidunt
588 697 851 755 consulem,
883 698 938 745 ab
970 700 1158 745 Luceria
1190 702 1382 747 redeun-

77 786 191 822 tem:
214 791 298 821 nec
323 773 519 836 praedam
540 772 917 819 solumamittunt
935 808 948 829 ,
968 770 1039 818 sed
1061 773 1141 835 ipsi
1160 773 1302 837 longo
1322 786 1382 820 at-

80 866 171 913 que
191 842 413 911 impedito
434 847 614 910 agmine
647 847 940 908 incompositi
963 848 1213 894 caeduntur.
1250 849 1383 894 Con-

79 920 147 969 sul
162 957 176 980 ,
198 923 499 967 Interamnam
529 920 677 966 edicto
698 919 895 966 dominis
915 920 969 966 ad
987 936 1056 966 res
1077 919 1168 966 suas
1190 918 1384 966 noscen-

79 996 158 1043 das
190 994 560 1059 recipiendasque
596 994 824 1041 revocatis
846 1030 859 1051 ,
898 996 949 1041 &
983 995 1185 1042 exercitu
1218 994 1280 1040 ibi
1315 1011 1382 1041 re-

78 1071 219 1130 licto,
241 1069 537 1118 comitiorum
559 1067 687 1116 causa
714 1068 909 1115 Romam
934 1068 995 1115 est
1016 1069 1259 1132 profectus.
1290 1070 1385 1117 Cui

80 1145 138 1192 de
166 1144 402 1208 triumpho
434 1143 586 1207 agenti
625 1154 809 1206 negatus
841 1142 1023 1201 honos,
1055 1145 1104 1190 &
1137 1144 1199 1190 ob
1233 1145 1385 1191 amifl'a

80 1231 155 1267 tot
188 1219 327 1266 millia
353 1217 547 1264 militum
563 1252 576 1276 ,
598 1217 647 1264 δε
671 1216 797 1281 quod
826 1217 1037 1279 captivos
1059 1216 1149 1264 fine
1175 1217 1385 1281 paclione

81 1292 162 1340 sub
184 1290 338 1355 jugum
375 1290 566 1336 mififiet.
735 1322 746 1329 ι

144 1367 388 1414 XXXVII.
426 1363 602 1412 Consul
622 1363 733 1411 alter
753 1363 1033 1423 Postumius,
1052 1365 1159 1428 quia
1185 1364 1230 1411 in
1252 1367 1384 1412 Sam-

80 1440 251 1489 nitibus
290 1439 476 1487 materia
510 1437 618 1485 belli
654 1437 831 1496 deerat,
861 1436 908 1484 in
940 1438 1165 1484 Etruriam
1198 1440 1383 1485 traduc-

80 1525 134 1562 to
169 1512 402 1567 exercitu,
444 1509 642 1574 primum
678 1509 1014 1573 pervastaverat
1055 1509 1386 1557 Volsiniensem

80 1603 234 1650 agrum
261 1604 272 1632 :
307 1585 410 1631 dein
445 1600 548 1631 cum
581 1582 759 1646 egreffis
804 1583 859 1630 ad
897 1584 1094 1631 tuendos
1124 1582 1235 1631 fines
1268 1584 1387 1631 haud

82 1661 248 1724 procul
274 1658 505 1707 moenibus
532 1657 731 1721 ipsorum
756 1657 997 1721 depugnat.
1030 1659 1124 1705 duo
1144 1658 1284 1705 millia
1305 1675 1387 1706 oc-

80 1732 273 1797 tingenti
295 1730 589 1779 Etruscorum
613 1729 739 1777 caefi:
772 1743 948 1778 ceteros
972 1731 1289 1796 propinquitas
1311 1750 1385 1778 ur-

38 1845 50 1855 ..
81 1806 151 1854 bis
176 1816 318 1852 tutata
342 1804 418 1851 est.
455 1807 504 1850 In
533 1803 826 1851 Rusellanum
854 1812 1007 1868 agrum
1039 1807 1265 1853 exercitus
1295 1822 1387 1853 tra-

83 1880 254 1926 ductus.
296 1878 359 1924 ibi
395 1893 493 1924 non
524 1876 615 1940 agri
646 1888 821 1924 tantum
848 1878 1033 1936 vastati,
1062 1878 1136 1925 sed
1163 1878 1388 1941 oppidum

83 1953 218 2000 etiam
253 1964 589 2016 expugnatum:
625 1964 755 2014 capta
782 1952 974 2015 amplius
1006 1953 1098 1998 duo
1125 1952 1265 1999 millia
1294 1954 1386 1999 ho-

83 2027 289 2085 minum,
312 2027 463 2073 minus
496 2027 589 2074 duo
617 2027 760 2074 millia
792 2026 910 2074 circa
944 2042 1100 2073 muros
1134 2026 1256 2073 caesa.
1295 2028 1389 2073 Pax

83 2117 238 2148 tamen
274 2101 441 2149 clarior
469 2101 705 2165 majorque
723 2138 736 2159 ‚
765 2119 901 2164 quam
931 2100 1098 2146 bellum
1132 2101 1177 2146 in
1208 2101 1387 2147 Etruria

84 2190 144 2220 eo
169 2191 292 2221 anno
322 2174 495 2233 fuerat,
515 2186 642 2237 parta
670 2174 747 2221 est.
781 2176 895 2222 Tres
924 2172 1200 2220 validiflimae
1230 2173 1385 2230 urbes,

84 2248 279 2295 Etruriae
311 2250 456 2311 capita
478 2284 491 2308 ,
521 2248 742 2306 Volsinii,
777 2247 976 2305 Perusia,
1010 2246 1234 2292 Arretium
1259 2284 1270 2302 ,
1305 2265 1386 2308 pu-

86 2338 187 2370 cem
215 2323 412 2386 petiere3
435 2325 512 2382 δε,
541 2322 822 2371 vestimentis
844 2321 1037 2367 militum
1063 2320 1384 2382 frumentoque

86 2395 202 2458 pacti
229 2413 333 2442 cum
367 2396 553 2445 consule
571 2434 584 2455 ,
606 2409 656 2444 ut
677 2397 794 2443 mitti
818 2398 1010 2443 Romam
1038 2406 1242 2442 oratores
1275 2395 1383 2439 lice-

88 2479 189 2526 ret,
216 2468 417 2516 inducias
446 2470 490 2516 in
518 2471 812 2534 quadraginta
843 2487 986 2517 annos
1011 2470 1383 2531 impetraverunt.

89 2543 231 2591 multa
262 2543 454 2608 praesens
487 2546 786 2611 quingentum
816 2545 1004 2596 millium
1033 2543 1128 2591 aeris
1160 2544 1204 2589 in
1234 2542 1384 2603 {ingu-
