1701 3008
317 221 409 283 345
663 219 1232 268 T1T1L1V11

309 335 510 399 guntinis
543 338 706 400 inferre
735 336 904 383 bellum
931 336 1092 383 statuit.
1132 334 1296 400 quibus
1323 344 1598 402 oppugnan·¹2

311 410 378 455 dis
397 412 500 472 quia
520 412 637 457 haud
656 411 789 457 dubie
808 412 1016 457 Romana
1037 427 1158 457 arma
1182 411 1491 459 'movebantur
1503 447 1517 468 ‚
1549 412 1598 459 in

314 482 537 529 Olcadum
557 482 667 530 fines
686 483 809 545 prius
833 483 978 547 (ultra
999 482 1175 529 Iberum
1194 499 1244 529 ea
1271 499 1379 546 gens
1398 483 1445 531 in
1466 497 1592 547 parte

311 555 472 618 magis,
499 573 632 618 quam
663 558 709 604 in
727 557 896 604 ditione
914 555 1344 618 Carthaginiensium
1376 557 1500 622 erat)
1527 558 1596 606 in-

312 626 441 673 duxit
474 630 750 686 exercitum,
791 641 843 677 ut
873 647 969 678 non
999 629 1152 692 petiffe
1183 628 1454 693 Saguntinos
1473 665 1489 690 ‚
1524 630 1598 678 sed

312 715 462 747 rerum
488 701 625 761 serie,
658 702 860 750 finitimis
880 703 1064 751 domitis
1091 702 1321 767 gentibus,
1341 702 1598 768 jungendo-

312 790 427 836 que,
464 777 625 824 trachis
652 777 706 823 ad
732 778 778 824 id
802 777 968 824 bellum
986 776 1134 823 videri
1155 777 1313 838 pofl‘et*
1347 776 1596 840 Cartejam,

311 847 470 894 urbem
491 850 783 911 opulentam,
812 862 947 914 caput
967 850 1110 914 gentis
1139 848 1255 911 ejus,
1274 863 1505 914 expugnat
1526 851 1598 912 di-

310 918 518 982 ripitque.
540 924 650 983 Quo
672 936 794 971 metu
814 923 1030 986 perculsae
1046 923 1250 970 minores
1272 923 1500 982 civitates,
1518 924 1597 971 sti-

310 991 479 1051 pendio
507 992 719 1054 impolito
736 1030 750 1051 ‚
781 994 1022 1058 imperium
1048 1010 1274 1058 accepere.
1300 994 1450 1042 vi&0r
1469 1012 1598 1042 exer-

309 1061 452 1119 citus,
482 1065 811 1130 opulentusque
845 1067 1019 1130 praeda,
1057 1067 1379 1131 Carthaginem
1422 1079 1596 1115 novam

309 1132 356 1178 in
391 1133 576 1183 hiberna
611 1138 673 1183 est
710 1139 937 1187 deductus.
973 1138 1039 1186 lbi
1067 1139 1187 1204 large
1214 1139 1452 1202 partiendo
1484 1157 1596 1203 prae—

309 1207 442 1264 dam,
479 1208 702 1272 stipendio
740 1213 971 1274 praeterito
1011 1230 1113 1261 cum
1151 1212 1238 1260 fide
1279 1212 1598 1270 exsolvendo,

309 1280 481 1327 cunffis
511 1283 683 1330 civium
706 1285 1027 1349 sociorumque
1053 1285 1211 1332 animis
1240 1285 1289 1331 in
1313 1284 1354 1331 se
1385 1284 1598 1344 firmatis,

309 1369 418 1399 vere
452 1355 599 1417 primo
630 1358 678 1404 in
711 1361 930 1406 Vaccaeos
968 1372 1232 1422 promotum
1263 1359 1445 1408 bellum.
1479 1363 1597 1408 Her-

307 1429 513 1476 mandica
548 1433 599 1480 &
635 1433 859 1483 Arbocala
895 1434 1026 1481 urbes
1069 1435 1120 1482 vi
1155 1446 1311 1498 captae.
1370 1434 1597 1485 Arbocala

309 1501 360 1549 δὲ
378 1503 548 1551 virtute
577 1507 628 1554 &
650 1507 940 1556 multitudine
969 1509 1308 1573 oppidanorum
1338 1509 1416 1556 diu
1443 1508 1595 1556 defen-

247 1643 251 1647 ·
305 1574 364 1622 sa.
415 1578 484 1624 Ab
516 1581 814 1630 Hermandica
850 1583 1035 1648 profugi
1068 1584 1296 1632 exsulibus
1335 1584 1596 1641 Olcadum,

304 1649 460 1711 priore
494 1653 641 1701 aestate
676 1655 861 1702 domitae
898 1658 1073 1721 gentis,
1106 1676 1209 1706 cum
1243 1657 1285 1705 se
1321 1656 1597 1718 junxissent,

307 1723 544 1786 concitant
574 1729 883 1790 Carpetanos:
911 1729 1152 1795 adortique
1172 1728 1500 1788 Hannibalem,
1523 1745 1596 1776 re-

309 1798 498 1858 greffzm
537 1817 594 1847 ex
633 1803 863 1863 Vaccaeis,
899 1804 1015 1852 haud
1048 1804 1210 1868 procul
1246 1804 1374 1867 Tago
1407 1803 1595 1852 flumine

307 1885 468 1930 agmen
502 1889 640 1935 grave
674 1877 822 1937 praeda
860 1879 1109 1926 turbavere*
1163 1878 1389 1926 Hannibal
1424 1878 1594 1942 proelio

308 1942 547 2001 abstinuit3
578 1947 814 2012 castrisque
844 1950 974 2013 super
999 1951 1144 2014 ripam
1167 1950 1321 2013 pofitis
1339 1987 1353 2009 ‚
1375 1968 1478 1999 cum
1501 1951 1593 2014 pri-

307 2029 379 2059 ma
411 2017 536 2078 quies
573 2020 888 2085 filentiumque
926 2023 980 2069 ab
1023 2022 1224 2069 hostibus
1261 2022 1379 2080 fuit,
1414 2038 1591 2069 amnem

309 2087 432 2133 vado
463 2091 668 2151 trajecit:
707 2094 924 2157 valloque
962 2095 1022 2142 ita
1058 2097 1313 2158 producto,
1347 2092 1406 2143 ut
1436 2096 1590 2143 locum

309 2156 362 2201 ad
383 2160 788 2224 transgrediendum
820 2166 970 2212 hostes
1003 2167 1246 2226 haberent,
1280 2167 1492 2217 invadere
1512 2182 1594 2213 eos

310 2230 582 2281 transeuntes
615 2236 776 2284 statuit.
814 2238 1052 2301 Equitibus
1086 2240 1329 2302 praecepit,
1367 2250 1445 2295 ut,
1487 2254 1591 2284 cum

308 2303 522 2367 ingreffos
558 2328 718 2374 aquam
755 2312 994 2370 viderent,
1040 2313 1338 2359 adorirentur.
1385 2310 1588 2358 Peditum

310 2393 469 2439 agmen
496 2380 541 2427 in
559 2383 679 2444 ripa,
708 2385 970 2446 elephantos
997 2397 1100 2432 ante
1120 2384 1411 2448 quadraginta
1435 2383 1590 2446 dispo-

312 2450 412 2498 suit.
461 2453 816 2516 Carpetanorum
856 2475 958 2505 cum
999 2457 1317 2520 appendicibus
1362 2457 1589 2504 Olcadum

311 2524 700 2592 Vaccaeorumque
721 2539 900 2577 centum
920 2529 1057 2578 millia
1078 2530 1227 2578 fuere:
1252 2529 1420 2578 invicta
1446 2527 1588 2586 acies,
