1701 3008
269 224 352 272 IN
394 224 566 272 LOC.
602 224 737 271 LIB.
778 222 928 269 XIII
966 222 1110 270 LIV.
1272 241 1359 288 137

138 333 282 375 XLIII.
302 334 431 384 Pugna
448 332 497 372 ad
515 331 709 382 Asculum,
729 343 960 382 quocunque
975 338 1113 370 eventu
1130 337 1270 371 certata
1282 362 1292 380 ,
1310 343 1368 370 re.

87 395 235 448 liquum
253 396 341 436 anni
369 396 540 446 quietum
562 408 585 433 a
608 393 756 433 bellicis
787 392 1099 444 expeditionibus
1115 393 1248 432 habuit
1267 408 1275 435 :
1302 392 1368 433 sed

89 458 435 501 consultationibus
466 460 502 497 &
532 463 786 508 apparatuum
816 468 906 508 cura
935 463 1088 506 tempus
1124 467 1240 494 omne
1271 467 1371 494 con-

88 519 257 559 sumtum
283 521 348 560 est.
370 519 533 571 Pyrrhus
551 532 639 559 cum
659 527 833 558 veterum
859 517 1055 568 copiarum
1080 529 1260 567 magnam
1284 528 1370 566 par-

88 587 201 628 tem,
238 580 460 631 ducumque
500 581 535 619 ἃ
577 579 790 618 amicorum
826 576 1025 628 plerosque
1054 577 1298 628 perdidisset,
1328 577 1367 617 in

90 640 251 691 Epirum
278 641 400 690 misit,
424 653 514 680 cum
533 640 745 689 mandatis,
773 647 816 679 ut
847 642 1024 679 veniente
1047 652 1133 678 vere
1162 638 1300 678 milites
1331 639 1369 678 δε

93 703 265 753 pecuniae
291 703 358 742 sibi
383 704 639 742 mitterentur.
678 703 755 743 Sed
781 702 1000 754 priusquam
1026 700 1146 741 claffis
1172 714 1215 740 ea
1238 700 1369 740 instrui

90 764 238 816 posset,
260 778 369 805 novae
390 765 473 816 spes
493 774 635 806 exortae
657 764 858 804 consilium
874 764 986 816 Regis
1002 771 1255 804 mutaverunt.
1285 763 1370 803 Ma.

90 828 294 867 cedoniam
315 827 408 868 olim
432 828 627 868 Demetrio
649 828 842 873 ademtam
865 826 1024 879 Pyrrhus
1047 834 1242 874 tenuerat,
1265 826 1372 865 dein·

91 889 142 928 de
161 889 377 941 Lysimachi
396 890 432 928 vi
455 900 644 930 extortam
672 890 871 939 amiserat3
895 889 995 930 hanc
1016 889 1154 928 iterum
1177 901 1284 928 novae
1307 901 1372 928 oc-

90 950 231 991 casiorii
265 951 449 1003 aperuisse
479 952 680 992 videbatur
718 952 913 992 Ptolemaei
949 952 1112 992 Cerauni
1147 950 1278 999 casus,
1307 951 1372 1001 qui

92 1026 115 1052 a
142 1012 261 1053 Gallis
290 1013 512 1054 interfectus
528 1045 542 1062 ‚
566 1015 660 1054 dum
692 1013 838 1054 bellum
864 1015 906 1054 in
927 1013 1036 1054 Italia
1064 1013 1158 1065 gerit
1182 1011 1371 1063 Pyrrhus,

92 1075 150 1114 uti
181 1075 376 1115 turbatum
408 1077 516 1127 regni
549 1077 712 1125 statum,
739 1078 791 1116 ita
817 1088 977 1117 vacuam
1005 1074 1268 1126 poffessionem
1291 1074 1375 1114 reli-

93 1146 237 1189 querat.
263 1138 316 1178 Ea
344 1139 439 1178 ratio
466 1138 592 1188 suasit,
614 1152 663 1179 ne
689 1139 810 1189 copiis
836 1137 1060 1178 militaribus
1085 1138 1221 1188 Epirus
1247 1138 1373 1177 nuda-

92 1207 222 1241 retur:
251 1200 361 1240 fimul
389 1214 438 1240 ne
467 1211 614 1251 pateret
632 1200 777 1250 injuriis
798 1198 1027 1248 Gallorum,
1049 1199 1216 1238 vicinam
1245 1198 1374 1238 adhuc

56 1290 62 1302 s
90 1261 366 1303 Macedoniam
393 1264 601 1303 urentium.
632 1264 767 1314 Neque
798 1271 928 1302 tamen
954 1276 1000 1302 eo
1022 1272 1105 1301 turn
1130 1260 1308 1310 accessit,
1332 1261 1372 1300 in

92 1325 259 1366 Siciliam
289 1326 517 1366 vocantibus
540 1325 621 1366 aliis
644 1326 785 1373 causis,
813 1336 857 1366 ut
882 1326 1008 1377 postea
1034 1326 1237 1364 trademus.
1386 1375 1391 1378 ι

146 1388 284 1428 XLIV.
311 1388 451 1429 Hieme
476 1389 576 1429 inter
601 1388 669 1429 has
693 1401 801 1428 curas
824 1389 1075 1434 circuina&a‚
1090 1387 1178 1426 novi
1201 1384 1374 1426 consules

96 1449 146 1488 ad
171 1449 383 1491 exercitum
407 1460 595 1490 venerunt
620 1449 879 1501 arabi-icius
899 1450 1105 1496 Luscinus,
1128 1450 1179 1498 Q.
1201 1447 1373 1488 AEmilius

92 1512 244 1563 Papus:
280 1513 346 1563 qui
367 1512 486 1554 alium
514 1526 666 1564 quoque
694 1511 935 1553 consulatum
961 1524 1038 1550 una
1063 1509 1255 1561 gesserunt.
1287 1509 1373 1548 [loc

94 1576 256 1623 audito,
287 1575 448 1627 Pyrrhus
484 1578 598 1616 etiam
640 1585 771 1616 contra
810 1575 948 1615 eduxit
981 1576 1140 1625 copias,
1171 1574 1206 1612 ἃ
1242 1570 1376 1610 obser-

91 1651 180 1678 vare
214 1638 369 1679 consilia
399 1639 562 1679 hostium
591 1640 766 1680 instituit.
801 1641 899 1680 Cum
925 1639 977 1678 ita
1004 1637 1118 1677 castra
1146 1637 1295 1686 utrique
1321 1634 1376 1673 lo-

92 1698 146 1738 cis
173 1697 278 1739 haud
302 1700 413 1740 valde
436 1701 659 1740 distantibus
682 1701 893 1750 haberent,
916 1714 974 1740 res
999 1701 1127 1738 evenit
1154 1699 1202 1737 ad
1231 1710 1376 1735 memo-

94 1762 193 1800 riam
225 1760 411 1811 celebris,
435 1765 469 1803 &
500 1777 521 1802 a
549 1763 736 1815 plerisque
766 1777 845 1803 non
868 1764 921 1803 ita
944 1775 1083 1814 magno
1113 1761 1272 1801 diss'eiisu
1305 1773 1378 1809 trass

97 1823 189 1863 dita.
218 1824 471 1865 Timochares
498 1827 657 1876 quidam
682 1826 978 1873 Ambraciensis,
1005 1827 1046 1864 in
1075 1825 1243 1864 amicitia
1264 1823 1376 1871 Regis

94 1883 296 1925 honestum
322 1887 482 1937 gradum
509 1887 701 1936 obtinens,
722 1888 770 1927 ad
792 1887 832 1927 C.
856 1887 1071 1928 Fabricium
1089 1884 1284 1924 consulein
1301 1885 1377 1923 sur-

92 1949 164 1989 tim
201 1950 378 1999 accessst,
412 1964 542 2003 regern
563 1983 576 2000 ,
602 1952 627 1992 si
653 1954 854 2004 praemium
883 1954 965 2002 ejus
992 1953 1045 1990 rei
1082 1951 1241 2001 dignum
1273 1950 1376 1988 dare-

93 2018 178 2059 tur,
207 2025 355 2051 vcneno
385 2012 519 2053 tollere
554 2014 764 2066 pollicitus.
807 2015 853 2055 Id
884 2028 972 2054 vcro
998 2013 1035 2053 se
1065 2027 1131 2063 per
1155 2012 1256 2052 filios
1289 2011 1374 2050 suos

91 2075 206 2116 facile
242 2076 538 2115 consecuturum
577 2077 828 2126 autumabat,
862 2077 966 2128 quod
1000 2077 1097 2114 inter
1132 2072 1376 2125 pocillatore-s

94 2139 238 2190 Regios
268 2139 323 2179 illi
357 2138 600 2180 haberentur.
632 2141 847 2189 fabricius,
871 2141 1031 2179 minime
1058 2137 1265 2178 delectatus
1292 2148 1378 2185 pro-

95 2201 243 2240 ditione
259 2231 272 2247 ,
298 2214 378 2240 rem
406 2209 536 2240 tamen
561 2201 772 2252 perscripsit
793 2203 840 2241 ad
870 2204 1064 2242 Senatum.
1098 2202 1256 2240 Senatus
1278 2197 1377 2246 lega-

97 2271 157 2301 tos
184 2263 232 2303 ad
253 2263 437 2313 Pyrrhum
465 2264 590 2312 misit,
614 2263 855 2304 Timocharis
883 2263 1064 2313 quidem,
1082 2261 1145 2311 qui
1163 2259 1378 2310 quomodo-

96 2338 246 2376 cunque
272 2326 455 2366 Romanis
479 2324 657 2377 prodess'e
681 2324 886 2372 statuisset,
910 2324 1061 2363 inlidi-is
1086 2335 1163 2361 non
1186 2321 1377 2359 indicatu-

97 2400 180 2435 ros3
211 2386 277 2425 sed
304 2389 521 2427 monituros
539 2388 578 2426 in
606 2386 823 2426 universum
839 2416 849 2436 ,
867 2388 916 2425 uti
934 2387 1013 2424 Rex
1029 2397 1141 2438 ageret
1161 2382 1377 2434 circumspec-

95 2450 165 2486 tius
181 2478 192 2497 ,
217 2449 434 2501 videretque,
460 2465 600 2504 quorum
625 2451 821 2501 hominum,
846 2464 1011 2504 quamque
1028 2449 1186 2500 fidelium
1203 2478 1214 2495 ‚
1234 2445 1376 2495 ministe-

143 2556 164 2598 ,Ε
190 2555 219 2588 X
228 2555 310 2589 Lm.
334 2554 422 2590 Plut.
