1701 3008
230 186 825 239 HISTORIARUM
857 184 998 244 ΜΒ,
1032 181 1193 229 XXI.
1299 191 1396 242 347*

103 298 137 347 fi
172 316 305 364 aequo
334 299 621 346 dimicaretur
648 311 820 359 campo.
850 295 1004 356 Itaque
1031 293 1081 339 &
1109 287 1294 354 ingenio
1327 287 1396 334 fe-

105 392 234 439 roces
254 411 268 433 ,
297 376 348 422 ὃ(
366 372 653 420 multitudine
686 370 815 428 freti,
841 369 892 416 ὅζ
917 367 1045 431 quod
1075 377 1199 412 metu
1229 361 1395 411 ceffiffe

103 449 346 496 credebant
364 447 537 494 hostem
556 483 570 505 ‚
594 446 640 493 id
658 442 826 492 morari
845 439 1086 488 viftoriam
1116 437 1200 484 rati
1218 472 1233 495 ‚
1268 433 1398 499 quod

106 520 332 568 intereffet
361 520 532 580 amnis,
565 519 765 567 clamore
796 515 994 571 sublato,
1026 511 1181 575 paffim
1208 509 1300 556 fine
1327 507 1400 554 ul-

103 592 189 640 lius
214 594 436 658 imperio,
458 610 548 658 qua
571 591 735 655 cuique
754 588 1017 653 proximum
1037 583 1100 631 est
1114 619 1128 641 ‚
1147 583 1194 629 in
1216 596 1398 629 amnem

106 678 256 713 ruunt.
288 669 344 713 Et
376 684 434 713 ex
465 677 591 730 parte
611 664 747 711 altera
780 661 889 724 ripae
908 660 980 708 vis
1012 659 1169 722 ingens
1191 653 1399 718 equitum

107 738 156 785 in
177 738 347 784 flumen
372 737 587 795 immista,
611 736 855 798 medioque
882 733 1016 782 alveo
1045 728 1400 792 haudquaquam

107 811 203 875 pari
235 810 479 859 certamine
506 808 799 856 concursum:
827 807 996 870 quippe
1015 803 1093 849 ubi
1111 802 1244 864 pedes
1266 798 1401 846 insta-

108 885 210 933 bilis
229 921 244 943 ‚
272 903 324 933 ac
355 885 438 932 vix
464 885 587 931 vado
625 881 795 939 fidens,
823 880 899 929 vel
931 879 986 925 ab
1015 875 1177 924 inermi
1211 873 1364 938 equite
1382 885 1403 932 ‚·

107 977 231 1025 equo
252 972 419 1006 temere
447 958 547 1005 atsto
566 993 580 1015 ,
602 955 804 1020 perverti
824 952 993 1016 poffet3
1022 966 1182 1016 eques,
1198 963 1401 1015 'corpore

108 1032 333 1097 armisque
364 1032 506 1087 liber,
538 1047 660 1094 equo
689 1028 766 1076 vel
786 1044 866 1090 per
890 1025 1063 1073 medios
1090 1022 1286 1088 gurgites
1312 1020 1402 1067 sta-

108 1108 219 1166 bili,
249 1106 456 1154 cominus
475 1103 735 1166 eminusque
762 1118 856 1147 rem
882 1110 1068 1164 gereret,
1101 1099 1204 1143 Pars
1239 1110 1402 1159 magna

108 1181 298 1229 flumine
318 1181 545 1228 absumta:
567 1178 749 1242 quidam
764 1213 778 1235 ‚
794 1170 1035 1223 vorticoso
1056 1169 1178 1218 amni
1198 1167 1333 1216 delati
1353 1166 1404 1213 in

109 1255 287 1313 hostes,
321 1255 377 1302 ab
400 1253 647 1317 elephantis
673 1248 835 1298 obtriti>
862 1247 990 1295 sunt:
1029 1243 1276 1310 postremi,
1303 1240 1404 1305 qui-

109 1330 192 1377 bus
221 1329 436 1394 regreffus
468 1329 516 1375 in
553 1327 673 1374 suam
696 1327 842 1390 ripam
875 1324 1017 1371 tutior
1046 1321 1163 1380 fuit,
1195 1336 1252 1367 ex
1275 1316 1403 1367 varia

110 1404 410 1467 trepidatione
429 1419 532 1449 cum
550 1401 597 1447 in
619 1419 762 1448 *unum
782 1398 1129 1463 colligerentur,
1144 1392 1404 1457 priusquam

110 1495 168 1526 ex
187 1490 315 1524 tanto
328 1494 503 1539 pavore
523 1476 774 1538 reciperent
787 1473 985 1528 animos,
1003 1468 1251 1527 Hannibal,
1265 1466 1407 1530 agmi÷

109 1567 168 1596 ne
192 1549 410 1613 quadrato
433 1565 610 1594 amnem
631 1545 844 1610 ingrefl'us
861 1580 875 1602 ‚
898 1543 1045 1606 fugam
1068 1558 1124 1588 ex
1154 1540 1251 1603 ripa
1269 1538 1405 1587 fecit:

112 1623 382 1688 vastatisque
401 1611 676 1687 agri39'intra
694 1636 860 1684 paucos
881 1618 973 1665 dies
985 1618 1268 1680 Carpetanos
1285 1630 1407 1678 quo-

112 1716 200 1762 que
223 1698 270 1744 in
296 1698 573 1745 deditionem
592 1695 780 1758 accepit.
812 1697 868 1741 Et
887 1692 971 1755 jam
994 1691 1150 1739 omnia
1167 1705 1290 1738 trans
1307 1689 1409 1736 lbe-'

112 1788 212 1820 rum
230 1806 245 1826 ‚
278 1783 434 1834 praeter
463 1770 764 1834 Saguntinos,
796 1764 1235 1830 Carthaginienssum
1264 1774 1407 1810 erant.

179 1848 256 1892 Vl.
295 1845 413 1891 Cum
448 1844 702 1909 Saguntinis
738 1843 906 1891 bellum
939 1843 1146 1890 nondum
1179 1851 1302 1887 erat:
1331 1856 1407 1888 ce-

114 1930 259 1967 terum
289 1917 377 1980 jam
410 1918 516 1968 belli
553 1917 679 1965 causa
705 1916 948 1966 certamina
978 1933 1083 1963 cum
1109 1912 1311 1962 finitimis
1340 1913 1408 1961 se-

114 1993 329 2040 rebantur
346 2028 360 2051 ,
381 1991 575 2039 maxime
605 1990 891 2038 Turdetanis.
935 1988 1098 2053 quibus
1120 2004 1223 2034 cum
1242 1985 1408 2033 adesset

114 2067 235 2115 idem
255 2102 269 2124 ‚
302 2065 383 2128 qui
401 2065 490 2111 litis
522 2075 614 2111 erat
644 2064 793 2121 sator,
822 2079 910 2110 nec
931 2073 1158 2109 certamen
1177 2059 1310 2118 iuris,
1331 2058 1407 2105 sed

113 2139 213 2187 vim
246 2137 398 2202 quaeri
431 2149 691 2200 appareret3
719 2135 851 2200 legati
883 2152 907 2182 a
929 2132 1185 2200 Saguntinis
1210 2134 1405 2179 Romam

113 2211 254 2270 miffi,
290 2210 510 2258 auxilium
538 2211 593 2257 ad
624 2209 792 2256 bellum
820 2207 910 2271 jam
945 2207 1063 2254 haud
1087 2205 1219 2252 dubie
1251 2203 1410 2258 immi-n

117 2303 227 2333 nens
245 2298 439 2333 orantes.
470 2284 694 2333 Consules
717 2296 828 2333 tunc
849 2275 1010 2336 Romae
1029 2293 1150 2330 erant
1171 2282 1216 2327 P.
1229 2281 1406 2328 Corne-

116 2359 202 2407 lius
230 2358 382 2423 Scipio
413 2362 462 2408 &
493 2360 567 2407 Ti.
595 2359 888 2424 Sempronius
915 2360 1123 2422 Longus:
1155 2356 1235 2420 qui
1269 2371 1406 2411 cum,

117 2432 268 2495 legatis
298 2433 344 2480 in
374 2433 574 2480 senatum
608 2431 907 2490 introductis,
939 2431 994 2478 de
1022 2430 1249 2493 republica
1283 2438 1406 2472 retu-

117 2505 296 2566 lifl‘ents,
327 2505 646 2571 placuiffetque
693 2505 812 2556 mitti
853 2504 1019 2570 legatos
1054 2504 1104 2551 in
1142 2499 1404 2566 Hispaniam
