1701 3008
320 203 413 264 ως
479 189 1518 259 JO.FRfflNSHEMH‘SUPPLEM.

315 316 630 363 conveilebatur,
659 312 848 363 quidquid
880 312 1066 362 injectum
1091 320 1199 361 erat,
1227 312 1361 364 ingens
1396 316 1432 353 ἃ
1459 310 1606 353 inutilis

316 380 429 420 iabor
444 378 543 417 fuit:
574 388 664 414 nam
691 373 831 413 oborto
850 372 1139 413 vehementiore
1163 380 1364 413 ventorum
1393 374 1485 413 flatu
1502 403 1513 420 ,
1535 387 1606 412 un-

320 441 451 491 disque
475 435 841 484 intumescentibus,
867 435 1056 486 perfracta
1091 435 1223 475 omnia
1256 448 1301 474 ac
1330 435 1480 485 direpta
1506 434 1603 475 sunt.

317 505 421 546 Cum
447 510 579 542 tamen
606 500 685 555 ipsa
712 500 840 551 operis
860 499 964 538 fama
984 498 1157 539 clausum
1183 499 1421 550 aliquamdiu
1449 508 1606 551 portum

317 565 523 614 tenuissem
552 563 686 604 anxios
711 576 756 602 ea
774 575 834 601 res
857 562 1066 602 Poenorum
1090 563 1261 611 animos,
1283 563 1606 613 vehementerque

316 625 503 667 sollicitos
528 623 687 672 habuit;
725 634 852 673 neque
878 622 985 661 enim
1013 621 1092 661 ulla
1123 622 1162 660 in
1193 630 1351 673 promtu
1374 632 1453 663 erat
1481 624 1604 672 ratio,

318 702 395 740 qua
423 685 656 739 cognoscere
684 685 823 724 statum
859 683 1015 734 suorum
1040 682 1219 733 poffent,
1246 697 1373 735 neque
1407 685 1605 736 quisquam

312 749 487 791 «audebat
506 759 670 799 operam
693 746 800 785 suam
824 746 873 785 ad
904 745 1162 797 inspiciendas
1189 746 1514 798 Lilybaetanorum
1546 759 1604 786 res

316 812 514 866 polliceri:
543 811 668 849 donec
693 807 890 849 Hannibal
917 809 1073 858 quidam
1089 839 1100 856 ,
1127 818 1387 859 cognomento
1403 810 1604 864 Rhodius,

315 877 377 915 vir
398 888 447 914 ex
466 872 671 913 illustribus
686 902 697 920 ,
719 871 757 910 se
779 869 1031 922 ingressurum
1056 870 1211 919 urbem,
1234 873 1273 911 δε
1296 873 1496 923 postquam
1523 886 1606 913 om-

314 939 382 978 nia
411 949 541 976 coram
567 933 841 986 perlustrasset,
870 946 919 971 ex
942 932 1019 971 fide
1047 933 1354 972 renuntiaturum
1378 934 1527 985 recipit.

374 999 466 1040 XII.
497 999 540 1038 Ei
557 995 737 1048 promisso
755 994 875 1046 gratia
898 993 1023 1044 primo
1040 996 1164 1044 maJ'or
1182 995 1300 1045 apude
1311 995 1472 1042 Poenos,
1488 1010 1605 1047 quam

315 1062 414 1102 fides
437 1061 534 1099 fuit:
551 1059 696 1109 quippe
718 1063 853 1107 praeter
871 1054 991 1095 moles
1013 1055 1052 1094 in
1073 1057 1169 1095 mari
1190 1058 1331 1106 jarras,
1353 1057 1500 1097 aditum
1517 1072 1605 1109 por-

313 1131 378 1164 *tus
403 1137 424 1163 a
446 1121 629 1163 Romanis
656 1119 816 1159 navibus
845 1118 893 1158 ad
918 1131 1075 1157 ancoras
1098 1118 1283 1159 stantibus
1313 1120 1488 1160 custodiri
1513 1120 1605 1160 scie.

316 1186 422 1225 bant.
457 1183 532 1224 Sed
560 1181 636 1221 ille·
653 1181 823 1232 privata,
849 1193 963 1231 quam
995 1179 1187 1228 habebat,
1209 1182 1393 1222 adornata
1419 1183 1527 1232 navi,
1554 1183 1603 1223 ad

313 1247 538 1295 insularum,
551 1258 634 1296 quae
650 1242 819 1294 Lilybaeo
840 1244 1062 1293 praejacent‚
1082 1254 1214 1292 unam,
1245 1241 1337 1283 hine
1358 1243 1497 1284 deinde
1513 1256 1603 1284 cum

315 1310 501 1363 postridie
516 1316 675 1348 ventum
691 1307 879 1346 ferentem
904 1308 1036 1346 nactus
1065 1306 1180 1356 esset,
1205 1307 1306 1347 circa
1333 1316 1505 1358 quartam
1532 1308 1602 1348 ho-

314 1386 399 1412 ram
429 1372 528 1418 diei,
550 1370 679 1421 palam
694 1399 704 1418 ,
727 1367 1029 1419 inspectantibus
1057 1369 1237 1409 universis
1260 1369 1425 1409 hostium
1452 1370 1598 1421 copiis,

316 1436 619 1486 hominibusque
646 1434 833 1473 fiduciam
860 1432 1128 1483 stupentibus,
1153 1441 1310 1484 portum
1335 1434 1506 1473 invectus
1535 1433 1599 1473 est.

316 1500 368 1539 At
386 1499 585 1538 Romanus
613 1494 771 1543 consul,
786 1502 830 1533 ut
852 1494 1132 1544 regredientem
1158 1495 1420 1546 interciperet,
1445 1494 1600 1535 selectas

250 1574 253 1578 ¹
316 1573 367 1599 ex
399 1560 506 1598 omni
539 1571 701 1597 numero
730 1570 845 1597 naves
876 1558 1013 1596 decem
1034 1570 1102 1608 per
1130 1560 1285 1598 nostem
1307 1558 1435 1597 instrui
1462 1558 1597 1608 J'ubet:

317 1635 382 1661 eas
408 1621 455 1661 ab
480 1628 643 1671 utroque
659 1619 775 1659 latere
801 1626 934 1669 portus
948 1632 1090 1670 ,aquam
1107 1622 1285 1670 proxime
1304 1619 1352 1659 ad
1374 1619 1495 1671 ipsum
1519 1622 1600 1669 ejus

316 1683 454 1722 ostium
471 1682 676 1722 constituit.
694 1680 889 1722 Hannibal
905 1680 1097 1721 celeritate
1114 1683 1218 1721 navis
1233 1680 1306 1721 suae
1321 1681 1484 1720 confisus
1500 1681 1599 1721 clara

313 1744 403 1784 luce
429 1745 634 1795 procedit:
662 1743 935 1795 exspectabant
961 1757 1051 1783 eum
1078 1744 1215 1783 intenti
1241 1746 1439 1795 paratique
1460 1745 1601 1784 Roma-

317 1808 361 1846 ni
378 1838 389 1853 ,
409 1806 594 1857 fimulque
620 1813 761 1845 conatu
787 1813 930 1856 quanto
961 1814 1163 1856 poterant,
1185 1806 1225 1844 in
1247 1819 1335 1845 eum
1369 1805 1600 1846 ferebantur.

317 1869 393 1910 Sed
426 1869 490 1908 ille
516 1868 719 1909 velocitate
745 1875 895 1907 tantum
919 1868 1122 1917 vincebat,
1141 1876 1185 1906 ut
1214 1867 1383 1919 effugisse
1405 1880 1483 1906 non
1508 1879 1600 1904 con-

318 1939 473 1981 tentus,
494 1932 593 1971 ultro
620 1931 824 1979 illuderet,
853 1931 974 1969 modo
1007 1930 1239 1981 adnavigans
1257 1961 1268 1979 ,
1296 1931 1415 1970 modo
1440 1931 1599 1969 circum-

317 1997 473 2040 vectus,
505 1994 606 2045 quas]
633 1995 682 2033 ad
709 2005 877 2043 pugnarn
907 1991 1031 2030 hostes
1051 2000 1287 2043 provocaret.

372 2057 485 2098 XIII.
513 2058 600 2101 Hac
627 2057 787 2096 audacia
813 2068 901 2094 cum
924 2055 1057 2107 saepius
1082 2064 1277 2103 uteretur,
1301 2055 1464 2095 multum
1486 2054 1599 2095 rebus

319 2119 470 2161 Punicis
488 2120 534 2159 ad
538 2120 703 2170 Jumenti
725 2118 888 2158 contulit
904 2149 915 2166 ,
932 2119 1038 2169 quod
1055 2121 1089 2159 ἃ
1106 2119 1338 2159 obsessorum
1361 2118 1476 2158 animi
1498 2131 1600 2156 nun-

321 2182 383 2220 tiis
409 2182 564 2222 suorum
592 2181 752 2227 mirifice
777 2180 1071 2221 recreabantur:
1105 2183 1140 2221 δε
1167 2194 1248 2231 quae
1277 2180 1489 2230 postulabat
1513 2179 1600 2218 usus

322 2245 544 2297 Carthagini
561 2254 707 2285 mature
724 2243 903 2295 cognosci
920 2252 1118 2293 poterant,
1142 2245 1177 2282 δε
1197 2241 1471 2281 contumeliosa
1495 2241 1597 2280 istius

322 2306 491 2345 hominis
527 2307 720 2346 temeritas
755 2306 954 2347 Romanos
990 2302 1159 2341 molestia
1187 2304 1223 2342 ὁὶ
1252 2302 1400 2352 pudore
1424 2301 1599 2341 vexabat.

320 2368 531 2418 juvabatur
553 2377 680 2408 autem
698 2368 833 2418 peritia
859 2367 1029 2405 maxime
1048 2365 1222 2403 locorum
1237 2394 1248 2412 ,
1263 2365 1366 2414 quod
1385 2364 1424 2403 in
1444 2363 1596 2414 palustri

318 2430 387 2472 illa
422 2430 651 2480 coenosaque
681 2430 830 2478 eluvie,
857 2441 924 2480 per
950 2440 1065 2477 quam
1089 2426 1300 2479 Lilybaeum
1333 2426 1486 2477 aditur,
1512 2436 1598 2472 cer·¹

371 2539 396 2584 5
420 2537 479 2573 XI.
500 2537 622 2572 Zonar.
646 2537 748 2572 Diod.
768 2536 886 2582 Polyb.
916 2546 928 2568 1
945 2560 956 2578 ,
983 2545 1024 2576 14
1047 2534 1080 2568 ὅ(
1105 2544 1163 2578 47.
