1701 3008
269 202 875 255 HISTORIARUM
912 203 1040 251 ΜΒ.
1087 202 1151 250 X.
1316 217 1373 265 43

151 318 368 366 XXVIII.
407 318 648 373 Ceterum,
667 329 924 378 quanquam
947 311 1202 361 communis
1229 311 1380 359 adhuc

91 393 213 438 Mars
234 389 341 436 belli
360 401 454 436 erat
469 424 482 447 ‚
497 387 691 435 necdum
711 385 947 433 discrimen
978 385 1161 432 fortuna
1185 384 1350 433 fecerat
1366 421 1381 444 ,

88 480 179 527 qua
206 463 361 509 datura
392 462 511 508 vires
535 461 669 516 effet3
695 460 1035 523 haudquaquam
1063 459 1214 506 fimilis
1233 477 1384 522 pugna

90 535 141 583 in
167 536 328 583 dextro
360 535 571 598 laevoque
606 550 755 581 cornu
786 543 893 579 erat.
933 532 1132 578 Romani
1158 532 1277 595 apud
1303 535 1386 578 Fa-

89 613 219 661 bium
242 611 453 659 arcebant
485 609 623 674 magis
642 645 656 668 ‚
680 626 815 674 quam
849 607 1099 655 inferebant
1117 644 1131 667 ,
1157 625 1388 672 pugnam;

93 684 508 746 extrahebaturque
535 681 583 728 in
615 698 751 745 quam
779 680 976 727 maxime
1005 679 1149 726 serum
1170 679 1258 726 diei
1289 696 1389 727 cer-

90 770 271 806 tamen:
306 755 410 820 quia
435 756 496 801 ita
524 753 778 818 persuasum
809 767 905 800 erat
937 754 1069 809 duci,
1098 753 1150 800 &
1170 752 1387 799 Samnites

77 833 143 880 ·&
173 829 334 877 Gallos
363 829 514 892 primo
550 828 723 891 impetu
753 825 931 874 feroces
967 826 1081 884 effe,
1111 820 1389 889 quos'susti-

92 903 192 952 neri
222 903 324 950 satis
357 903 445 958 fit3
485 902 696 966 longiore
726 901 980 967 >certamine
1013 900 1169 946 senfim
1203 900 1391 946 residere

94 978 364 1036 5arnnitium
395 978 572 1026 animos
594 976 880 1024 :Gallorum
909 975 1095 1039 quidem
1125 973 1257 1020 etiam
1289 990 1392 1020 cor·

93 1071 212 1119 pora
255 1052 644 1101 intolerantissima
677 1051 845 1098 laboris
885 1063 1021 1114 atque
1056 1048 1184 1095 aestus
1221 1047 1391 1103 fluere;

95 1128 334 1193 primaque
364 1144 527 1175 eorum
564 1126 724 1191 proelia
754 1126 855 1188 plus
885 1141 1018 1189 quam
1045 1124 1283 1179 virorum,
1311 1137 1395 1184 po-

95 1202 255 1249 strema
285 1201 435 1248 minus
466 1217 597 1264 quam
629 1199 896 1246 feminarum
929 1198 1026 1244 effe.
1063 1198 1112 1243 In
1142 1196 1188 1242 id
1216 1210 1393 1257 tempus
1444 1257 1448 1260 .

95 1275 262 1339 igitur,
282 1292 375 1339 quo
397 1275 528 1323 vinci
547 1274 721 1322 solebat
749 1274 913 1332 hostis,
933 1289 1068 1336 quam
1091 1269 1397 1333 integerrimas

96 1349 220 1396 vires
253 1349 388 1395 militi
425 1349 642 1398 servabat.
679 1348 896 1397 Ferocior
920 1345 1094 1395 Decius
1123 1346 1174 1392 &
1197 1355 1324 1403 aerate
1345 1344 1396 1389 &

96 1423 261 1485 vigore
289 1423 456 1479 animi,
475 1434 877 1488 quantumcunque
897 1420 1067 1468 virium
1095 1418 1276 1474 habuit,
1297 1433 1398 1464 cer-

99 1495 268 1542 tamine
304 1495 454 1559 primo
485 1495 656 1544 effudit.
706 1498 757 1543 &
776 1532 790 1553 ,
822 1495 924 1559 quia
959 1493 1128 1540 lentior
1157 1490 1395 1543 videbatur

99 1568 313 1631 pedestris
351 1586 527 1633 pugna,
561 1569 810 1631 equitatum
843 1569 890 1615 in
931 1583 1127 1631 pugnam
1164 1563 1361 1612 concitat
1382 1599 1397 1621 ‚

97 1645 149 1690 &
171 1642 260 1705 ipse
276 1679 290 1702 ,
313 1642 559 1690 fortissimae
583 1642 805 1704 juvenum
827 1655 987 1689 turmae
1013 1638 1243 1688 immixtus
1260 1674 1273 1695 ‚
1295 1651 1397 1684 orat

100 1733 312 1781 proceres
348 1715 627 1778 juventutis,
648 1717 696 1763 in
723 1716 899 1764 hostem
924 1726 974 1763 ut
1006 1714 1153 1761 secum
1180 1711 1397 1774 impetum

99 1790 292 1837 saciant:
323 1789 546 1852 duplicem
570 1789 754 1836 illorum
776 1788 966 1852 gloriam
994 1786 1096 1834 fore
1111 1822 1125 1842 ‚
1144 1784 1176 1830 fi
1199 1785 1254 1831 ab
1274 1783 1396 1829 laevo

102 1880 250 1910 cornu
283 1863 332 1910 &
365 1864 420 1912 ab
448 1865 598 1927 equite
628 1863 822 1910 vi&oria
851 1860 1053 1924 incipiat.
1092 1857 1165 1905 Bis
1192 1869 1399 1904 avertere

103 1935 331 1985 Gallicum
369 1938 635 2002 equitatum.
687 1939 849 1986 iterum
888 1933 1068 1997 longius
1097 1929 1315 1986 eve6los,
1347 1930 1399 1975 &

101 2009 191 2074 jam
213 2009 329 2056 inter
348 2010 494 2057 media
521 2010 723 2074 equitum
748 2008 925 2072 agmina
957 2004 1169 2068 proelium
1201 2003 1398 2057 cientes,

104 2100 283 2131 novum
317 2100 480 2148 pugnae
510 2084 762 2131 conterruit
792 2096 965 2146 genus:
995 2077 1148 2126 effedis
1176 2075 1399 2138 carrisque

104 2160 354 2224 superstans
388 2169 580 2204 armatus
617 2157 753 2203 hostis
791 2152 961 2218 ingenti
996 2151 1144 2198 sonitu
1174 2165 1398 2212 equorum

104 2245 397 2295 rotarumque
420 2229 628 2287 advenit,
650 2231 700 2277 &
720 2228 928 2275 insolitos
948 2225 1041 2287 ejus
1062 2223 1279 2271 tumultus
1299 2223 1400 2268 Ro-

104 2322 344 2353 manorum
378 2303 630 2352 conterruit
663 2319 822 2366 equos.
875 2305 935 2348 lta
972 2300 1195 2347 viklorem
1226 2296 1400 2361 equita-

106 2390 202 2425 tum
227 2378 357 2426 velut
386 2376 696 2441 lymphaticus
725 2391 874 2440 pavor
892 2373 1090 2437 diffipat:
1115 2370 1269 2418 sternit
1296 2368 1400 2414 inde

107 2468 287 2504 ruentes
317 2473 460 2520 equos
492 2455 706 2520 virosque
741 2453 1003 2519 improvida
1037 2452 1153 2516 fuga.
1198 2450 1398 2498 Turbata

89 2528 215 2580 *hinc
236 2530 367 2578 etiam
389 2530 508 2594 figna
528 2529 758 2595 legionum
779 2547 790 2577 ε
818 2524 1037 2592 multique
1058 2527 1229 2589 impetu
1251 2537 1397 2586 equo-
