1701 3008
153 221 237 270 JO.
251 216 474 268 FREINS.
496 217 655 266 SUPP.
675 216 739 263 IN
759 214 902 263 LOC.
922 214 1027 261 ΠΒ.
1045 212 1139 259 XV
1154 211 1270 259 LIV.
1310 226 1327 256 1
1343 226 1401 274 71

114 329 218 368 muri
243 339 397 378 quoque
424 325 540 366 diruti
560 323 672 373 sunt,
694 323 959 372 tributumque
984 320 1128 360 civitati
1156 318 1407 370 impositum:

114 401 196 439 pax
222 388 341 427 modo
368 400 456 426 cum
473 385 652 425 libertate
673 382 858 423 conceffa.
890 381 1001 423 Nihil
1025 380 1167 420 deinde
1191 378 1316 418 visum
1342 391 1410 417 an-

117 450 264 500 tiquius
278 481 290 498 ‚
304 462 418 500 quam
442 447 640 499 perfidiam
668 446 792 497 puniri
814 445 978 496 legionis
992 474 1003 491 ,
1030 457 1112 494 quae
1136 441 1321 492 Rheginis
1342 442 1411 480 do-

117 511 159 550 lo
183 511 476 559 circumventis,
494 510 684 562 oppidum
700 521 835 547 eorum
858 507 1053 546 decimum
1074 508 1153 555 jam
1177 518 1322 545 annum
1341 517 1411 554 pro

116 574 185 615 suo
213 574 441 626 pollidebat.
479 574 534 614 Hi
561 585 650 612 cum
679 580 768 610 ante
793 570 1065 621 providissent,
1090 568 1274 610 Romanis
1298 567 1412 606 rebus

119 638 297 690 quotidie
321 634 561 681 laetioribus,
588 633 698 672 suum
732 631 854 671 scelus
878 631 1046 670 inultum
1070 644 1151 670 non
1177 630 1285 677 fore,
1303 628 1416 679 quid-

123 702 219 753 quid
251 701 300 740 ad
332 697 675 737 communiendam
703 695 866 742 urbem,
896 694 1069 745 viresque
1101 693 1314 733 defensioni
1343 704 1415 742 pa-

119 764 259 803 randas
285 761 529 813 pertinebat,
555 758 718 799 sollicite
751 757 1131 797 administraverant:
1164 769 1244 794 non
1267 755 1414 806 ignari⁹

120 826 230 878 quod
251 825 386 864 fraude
413 824 526 874 vique
541 831 692 873 partum
711 821 803 861 esset
819 852 830 869 ,
848 821 913 859 nisi
935 821 1069 859 iisdem
1085 819 1161 858 illis
1187 818 1331 857 artibus
1349 817 1416 856 diu

118 889 274 928 retineri
293 900 373 926 non
396 886 514 938 poffe.
543 887 679 925 Praeter
704 885 852 923 insitam
877 884 1064 922 ferociam
1090 882 1177 921 freti
1199 891 1306 920 erant
1321 880 1416 919 ami-

121 953 213 992 citia
245 951 597 998 Mamertinorum3
630 948 877 999 successuque
913 947 1091 987 adversus
1129 945 1419 996 Carthaginien-

121 1015 180 1055 ses
197 1045 208 1063 ,
243 1014 384 1054 deinde
415 1013 600 1065 Pyrrhum
618 1044 630 1060 ,
651 1026 727 1063 quo
751 1011 854 1051 urbis
882 1010 956 1051 suae
981 1012 1276 1060 animorumque
1306 1008 1420 1047 forti-

120 1078 299 1117 tudinem
319 1077 465 1128 experti
489 1077 664 1124 fuerant,
682 1074 854 1114 hostibus
871 1075 918 1115 ab
936 1074 1134 1114 obsidendi
1158 1072 1314 1112 consilio
1340 1072 1418 1111 cito

122 1141 302 1193 depulsis.
330 1142 467 1193 ltaque
493 1141 531 1180 in
557 1148 711 1180 tantum
739 1149 939 1179 creverant
966 1137 1170 1186 rebellium
1194 1138 1230 1176 ἃ
1253 1135 1420 1175 deserto-

122 1217 210 1243 rum
246 1204 390 1252 animi,
420 1212 463 1242 ut
494 1203 704 1243 Crotonem
730 1201 988 1252 prodentibus
1014 1198 1245 1251 quibusdam
1282 1210 1420 1249 capere

126 1264 224 1311 ausi,
258 1264 475 1314 praesidium
506 1263 729 1303 Romanum
763 1263 976 1311 trucidare,
1013 1261 1152 1300 urbem
1184 1260 1334 1300 diruere
1361 1258 1424 1298 su-

128 1327 338 1371 stinuerint.

179 1389 229 1430 Π.
264 1389 382 1440 [gitur
411 1389 452 1429 L.
480 1388 679 1435 Genucio,
706 1387 771 1438 qui
798 1399 889 1425 cum
913 1386 955 1426 C.
973 1386 1159 1437 Quinetio
1176 1382 1422 1424 consulatum

128 1462 176 1489 eo
211 1462 311 1488 anno
340 1448 525 1500 gerebat,
549 1449 728 1487 mandata
758 1447 809 1486 est
839 1446 933 1486 ultio
962 1461 971 1487 :
1012 1446 1293 1497 compullisque
1320 1447 1422 1485 intra

128 1511 274 1551 moenia
296 1509 559 1561 perduellibus
580 1508 670 1548 urbs
696 1507 852 1547 obseffa.
887 1509 962 1548 Sed
987 1508 1064 1548 illis
1089 1508 1172 1548 suas
1197 1510 1232 1548 δε
1254 1508 1426 1549 Mamer-

130 1576 303 1614 tinorum
333 1575 432 1613 vires
465 1587 543 1613 non
580 1573 769 1612 instrenue
801 1573 1117 1624 opponentibus,
1147 1585 1238 1612 cum
1264 1572 1422 1611 incom-

131 1637 249 1676 moda
275 1638 449 1687 quaedam
471 1637 594 1688 passus
617 1635 750 1675 consul
777 1637 892 1676 etiam
911 1650 1035 1676 rerum
1053 1636 1341 1676 necessariarum
1359 1648 1425 1686 pe-

132 1699 243 1738 nuria
267 1699 482 1747 laboraret,
499 1699 545 1738 ab
570 1700 762 1746 Hierone,
781 1701 845 1750 qui
866 1700 1054 1752 Syracusis
1080 1700 1340 1750 principatum
1356 1698 1427 1737 ob-

132 1759 306 1807 tinebat,
332 1760 527 1799 frumento
547 1762 582 1801 &
608 1759 730 1799 milite
746 1761 900 1810 adjutus
924 1762 988 1802 est.
1027 1761 1102 1801 Hic
1127 1762 1231 1800 enim
1254 1761 1428 1800 Mamer-

133 1826 226 1864 tinis
249 1824 443 1873 infensus,
466 1826 583 1864 etiam
610 1825 732 1864 socios
758 1838 891 1865 eorum
917 1826 1108 1877 Rhegium
1135 1832 1312 1864 tenentes
1335 1824 1429 1864 ode-

134 1898 215 1927 rat:
238 1888 481 1937 incrementis
505 1903 659 1941 quoque
676 1890 961 1938 Rornanorum,
984 1899 1027 1929 ut
1050 1903 1182 1929 eorum
1206 1891 1355 1929 animos
1376 1889 1428 1928 ad

135 1949 248 1989 usum
280 1948 517 2000 sequentium
550 1960 771 2002 temporum
809 1952 1005 1991 beneficiis
1036 1959 1269 2000 occuparet,
1298 1963 1429 1989 move-

137 2011 261 2051 batur.
302 2012 364 2051 Sic
391 2012 439 2051 ad
466 2021 682 2052 extremum
710 2015 758 2054 ad
785 2015 1024 2053 deditionem
1050 2013 1143 2052 urbe
1170 2014 1299 2051 coacta
1318 2042 1328 2059 ,
1346 2011 1430 2051 Ma-

139 2073 323 2112 mertinos
347 2074 459 2112 certis
477 2075 765 2114 conditionibus
788 2076 983 2115 adstrictos
1007 2074 1149 2114 dimifit
1175 2071 1328 2120 consul,
1347 2084 1432 2123 per-

137 2135 250 2184 fugas
279 2137 314 2175 δι
344 2134 532 2183 latrones,
561 2149 724 2186 quorum
753 2137 863 2176 multi
898 2136 1116 2186 Rhegium,
1141 2134 1246 2174 velut
1272 2135 1321 2174 ad
1351 2133 1431 2184 asy-

139 2196 222 2235 lum
247 2206 541 2246 concurrerant,
566 2198 694 2238 affecit
716 2198 902 2249 supplicio
925 2212 933 2238 :
958 2198 1185 2248 legionarios
1209 2204 1338 2236 autem
1362 2196 1435 2236 mi-

141 2256 226 2295 lites
250 2257 413 2298 abduxit
447 2260 632 2308 Romam,
661 2269 702 2299 ut
728 2262 776 2300 de
805 2260 891 2311 ipsis
918 2261 1078 2300 Senatus
1103 2259 1294 2298 statueret.

197 2319 265 2359 ΙΙΙ.
296 2319 486 2370 Magnum
514 2323 604 2361 inde
631 2322 795 2374 publicae
826 2321 1029 2361 severitatis
1058 2318 1279 2370 exemplum
1306 2317 1429 2368 sequi-

143 2386 216 2435 tur.
246 2380 408 2420 Senatus
428 2384 597 2433 primum
610 2375 748 2433 ὃγηηεε,
765 2383 824 2436 qui
850 2383 986 2422 addam·
1005 2398 1028 2420 a
1052 2380 1190 2434 consule
1207 2379 1352 2432 sueram
1368 2409 1379 2426 ,
1398 2379 1435 2415 in

191 2506 213 2549 §
235 2506 258 2538 1.
282 2505 405 2539 Zonar.
429 2506 508 2541 Liv.
536 2508 626 2553 Epit.
652 2496 705 2552 r5.
736 2509 856 2554 Polyb.
881 2522 892 2543 1
912 2535 921 2552 ,
943 2520 977 2551 7.
1000 2507 1103 2543 Oros.
1126 2520 1170 2549 4,
1192 2518 1222 2552 3.
1250 2508 1271 2551 §
1300 2493 1433 2539 112200

146 2569 218 2592 aar.
246 2558 321 2593 Liv.
349 2559 436 2603 Epir.
459 2570 511 2602 15·
