1701 3008
291 192 387 245 344
643 178 1208 227 TITILIVII

289 305 382 351 que
414 284 586 352 ingenti
609 285 818 333 omnium
845 286 1044 334 clamore
1074 287 1402 352 atque‘afl‘enffi
1426 291 1586 354 appel·

291 363 406 408 latus
442 373 568 420 erat,
607 361 743 407 favor
783 360 917 407 etiam
952 361 1096 424 plebis
1130 362 1402 427 sequeretur.
1450 368 1586 430 Hunc

291 434 483 481 vixdum
510 433 723 496 puberem
750 432 994 480 Hasdrubal
1014 433 1152 482 literis
1179 436 1237 482 ad
1253 434 1294 482 se
1315 437 1584 485 arceffierat:
1628 456 1647 475 ι’

291 507 475 569 aflaque
501 523 569 553 res
596 507 729 553 etiam
751 505 797 553 in
820 506 973 554 senatu
998 503 1142 554 fue‘rat
1160 545 1174 567 ,
1208 510 1406 557 Barcinis
1436 511 1589 557 niten-

290 581 445 638 tibus,
486 593 537 628 ut
574 581 834 629 assuesceret
868 581 1040 628 militiae
1077 581 1335 641 Hannibal,
1370 595 1505 645 atque
1539 582 1586 629 in

245 695 248 699 .
290 669 498 722 paternas
527 656 783 705 succederet
817 672 940 720 opes.
984 659 1181 716 Hanno,
1212 657 1394 722 alterius
1421 657 1588 705 faCtio-

292 732 362 779 uis
390 732 628 795 princeps,
660 733 722 777 Et
746 749 904 793 aequum
934 733 1140 797 postulare
1173 736 1369 789 videtur,
1407 731 1588 795 inquit,

292 808 552 868 Hasdrubal
562 825 583 862 ;
607 804 650 852 δ’
668 823 740 867 ego
758 822 894 851 tamen
911 825 1000 851 non
1028 807 1164 866 censeo
1184 842 1197 863 ,
1228 809 1343 867 quod
1356 809 1463 867 petit
1479 841 1500 863 ,,
1515 809 1589 852 tri-

292 882 509 926 buena'um⁴
539 879 658 925 Cum
681 877 979 924 admiratione
1004 889 1094 924 tam
1122 877 1328 940 ancipitis
1358 876 1588 924 sententiae

293 953 343 1000 in
375 952 417 998 se
454 968 613 998 omnes
652 951 977 1009 convertisset,
1012 956 1173 998 Florem
1207 955 1375 1010 aetatis,
1407 951 1588 1016 inquit,

260 1024 261 1027 Ἴ
292 1029 567 1088 Hasdrubal,
589 1046 703 1088 quem
722 1028 807 1087 ipse
824 1029 943 1087 patri
959 1028 1225 1073 Hannibalis
1237 1026 1469 1085 fruendum
1478 1046 1588 1088 prce-

293 1105 412 1158 hair,
432 1103 545 1167 justo
559 1102 658 1160 jure
676 1119 765 1147 eum
787 1103 919 1160 afilio
935 1104 1057 1162 repeti
1076 1102 1219 1161 cenfiet.
1245 1118 1324 1146 nos
1345 1116 1484 1146 tamen
1504 1103 1586 1147 mi-

294 1179 405 1222 nime
429 1177 538 1221 decet
553 1212 568 1232 ,
584 1175 843 1232 juventutem
861 1177 1040 1239 nostram
1059 1194 1139 1236 pro
1160 1175 1337 1219 militari
1357 1176 1589 1221 rudimento

296 1271 322 1297 α
359 1250 539 1308 nefacere
573 1251 747 1296 libidini
780 1265 1015 1310 praetorum.
1057 1253 1134 1295 An
1170 1251 1245 1294 lzoc
1287 1251 1503 1305 umerum,
1537 1267 1589 1294 ne

294 1325 566 1370 Hamilcaris
575 1326 702 1383 filius
721 1323 853 1369 nimis
859 1323 954 1383 firo
973 1326 1147 1384 imperia
1166 1326 1392 1370 immodica
1413 1321 1455 1369 δ’
1476 1323 1591 1385 regni

287 1399 458 1457 paterni
466 1397 645 1457 speciem
671 1397 846 1443 videat?
878 1394 920 1442 δ’
939 1430 953 1452 ‚
984 1397 1107 1452 cujus
1138 1399 1242 1458 regis
1268 1415 1412 1458 genero
1431 1398 1591 1442 heredi-

295 1470 400 1515 tarii
418 1469 515 1534 sint
545 1470 671 1515 relidi
689 1472 890 1515 exercitus
908 1470 1034 1535 nostri
1052 1504 1066 1525 ,
1099 1468 1190 1526 ejus
1197 1470 1299 1527 filio
1323 1487 1478 1529 parum
1495 1486 1591 1518 tna-q

296 1557 383 1588 ture
398 1542 639 1601 serviamus
654 1545 679 1588 ἓ
705 1546 818 1605 Ego5
845 1546 962 1602 istum
986 1543 1187 1600 juvenem
1214 1545 1329 1588 domi
1346 1546 1593 1601 tenendum,

287 1613 371 1674 fieb
399 1617 581 1677 legibus,
604 1616 688 1675 sed
710 1616 1020 1680 magistratibus
1057 1619 1283 1662 docendum
1310 1618 1442 1663 vivere
1475 1634 1592 1676 aequo

288 1687 388 1746 jure
422 1708 512 1736 cum
546 1692 714 1747 ceteris,
747 1691 885 1749 censko
911 1710 926 1737 :
958 1711 1010 1737 ne
1047 1695 1290 1753 quandoque
1322 1709 1485 1753 parvus
1522 1694 1617 1739 hic(

299 1766 414 1824 ignis
445 1766 683 1809 incendium
706 1767 852 1825 ingens
872 1765 1106 1825 exsuscitet.

366 1837 444 1882 IV.
479 1836 614 1882 Pauci
634 1871 649 1894 ‚
683 1853 734 1883 ac
760 1836 899 1882 ferme
925 1836 1125 1899 optimus
1152 1836 1367 1902 quisque,
1397 1838 1592 1884 Hanno-³

300 1907 349 1952 ni
370 1906 730 1954 assentiebantur:
751 1908 823 1954 sed
844 1909 916 1973 (ut
937 1910 1199 1972 plerumque
1219 1910 1300 1974 fit)
1324 1909 1471 1970 maior
1488 1927 1592 1973 pars

300 1979 538 2026 meliorem
564 1976 689 2028 uicit.
726 1982 881 2029 Miffus
903 1982 1126 2031 Hannibal
1145 1983 1192 2030 in
1217 1979 1474 2047 Hispaniam
1494 1983 1592 2045 pri-

301 2068 381 2098 mo
416 2052 560 2099 statim
595 2055 795 2101 adventu
830 2072 1013 2102 omnem
1049 2057 1299 2104 exercitum
1331 2057 1376 2102 in
1403 2055 1445 2103 fe
1473 2072 1592 2103 con·-

301 2124 456 2171 vertit.
488 2126 790 2174 Hamilcarem
810 2127 1024 2188 juvenem
1049 2129 1273 2176 redditum
1304 2129 1384 2175 fibi
1416 2142 1592 2177 veteres

302 2195 470 2244 milites
501 2198 711 2255 credere3
748 2199 940 2246 eundem
972 2200 1180 2265 vigorem
1211 2201 1258 2246 in
1279 2201 1436 2258 vultu,
1467 2200 1591 2247 vim-

302 2284 392 2330 que
424 2267 471 2314 in
494 2272 638 2318 oculis
656 2308 669 2330 ‚
690 2273 890 2320 habitum
910 2274 1002 2321 oris
1016 2311 1030 2333 ‚
1064 2275 1417 2336 lineamentaque
1437 2273 1591 2319 intue-

302 2339 357 2387 ri.
403 2340 505 2387 dein
523 2343 653 2390 brevi
674 2344 848 2402 effecit,
871 2358 920 2392 ut
940 2358 1065 2408 pater
1090 2345 1136 2392 in
1161 2344 1202 2390 se
1222 2345 1457 2391 minimum
1483 2362 1590 2391 mo-

305 2422 507 2457 mentum
535 2413 589 2459 ad
610 2412 815 2461 favorem
839 2414 1175 2461 conciliandum
1197 2415 1312 2462 esset.
1346 2416 1592 2478 Nunquam

303 2482 536 2549 ingenium
570 2485 690 2533 idem
723 2486 780 2535 ad
798 2502 867 2535 res
885 2486 1193 2536 diverfiffimas
1209 2524 1224 2549 ,
1251 2487 1496 2552 parendum
1520 2498 1590 2544 at-
