<?xml version="1.0" encoding="UTF-8"?>
<!DOCTYPE html PUBLIC "-//W3C//DTD XHTML 1.0 Transitional//EN"
    "http://www.w3.org/TR/xhtml1/DTD/xhtml1-transitional.dtd">
<html xmlns="http://www.w3.org/1999/xhtml" xml:lang="en" lang="en">
 <head>
  <title>
</title>
<meta http-equiv="Content-Type" content="text/html;charset=utf-8" />
  <meta name='ocr-system' content='tesseract 3.04.00' />
  <meta name='ocr-capabilities' content='ocr_page ocr_carea ocr_par ocr_line ocrx_word'/>
</head>
<body>
  <div class='ocr_page' id='page_1' title='image "./historiarumlibri03livyuoft_0249.png"; bbox 0 0 1701 3008; ppageno 0'>
   <div class='ocr_carea' id='block_1_1' title="bbox 220 187 1372 252">
    <p class='ocr_par' dir='ltr' id='par_1_1' title="bbox 220 187 1372 252">
     <span class='ocr_line' id='line_1_1' title="bbox 220 187 1372 252; baseline 0.002 -15"><span class='ocrx_word' id='word_1_1' title='bbox 220 189 302 238; x_wconf 86' lang='lat' dir='ltr'>IN</span> <span class='ocrx_word' id='word_1_2' title='bbox 350 187 540 236; x_wconf 84' lang='lat' dir='ltr'><strong>LOC.</strong></span> <span class='ocrx_word' id='word_1_3' title='bbox 590 189 732 235; x_wconf 79' lang='lat' dir='ltr'>LIE.</span> <span class='ocrx_word' id='word_1_4' title='bbox 773 188 988 236; x_wconf 78' lang='lat' dir='ltr'><strong>XVIII</strong></span> <span class='ocrx_word' id='word_1_5' title='bbox 1041 190 1180 237; x_wconf 90' lang='lat' dir='ltr'><strong>LIV.</strong></span> <span class='ocrx_word' id='word_1_6' title='bbox 1286 208 1372 252; x_wconf 85' lang='lat'>241</span> 
     </span>
    </p>
   </div>
   <div class='ocr_carea' id='block_1_2' title="bbox 37 296 1394 2347">
    <p class='ocr_par' dir='ltr' id='par_1_2' title="bbox 93 296 1387 662">
     <span class='ocr_line' id='line_1_2' title="bbox 94 296 1384 349; baseline 0.001 -11"><span class='ocrx_word' id='word_1_7' title='bbox 94 311 220 338; x_wconf 87' lang='lat' dir='ltr'>mores</span> <span class='ocrx_word' id='word_1_8' title='bbox 245 298 365 337; x_wconf 82' lang='lat' dir='ltr'>fuere.</span> <span class='ocrx_word' id='word_1_9' title='bbox 396 297 472 337; x_wconf 82' lang='lat' dir='ltr'>Sed</span> <span class='ocrx_word' id='word_1_10' title='bbox 495 310 590 348; x_wconf 85' lang='lat' dir='ltr'>ego,</span> <span class='ocrx_word' id='word_1_11' title='bbox 609 297 758 347; x_wconf 79' lang='lat' dir='ltr'>quoties</span> <span class='ocrx_word' id='word_1_12' title='bbox 784 296 865 336; x_wconf 78' lang='lat' dir='ltr'>haec</span> <span class='ocrx_word' id='word_1_13' title='bbox 891 304 1006 347; x_wconf 88' lang='lat' dir='ltr'>atque</span> <span class='ocrx_word' id='word_1_14' title='bbox 1032 296 1120 337; x_wconf 88' lang='lat' dir='ltr'>talia</span> <span class='ocrx_word' id='word_1_15' title='bbox 1140 296 1228 349; x_wconf 87' lang='lat' dir='ltr'>lego</span> <span class='ocrx_word' id='word_1_16' title='bbox 1254 301 1384 340; x_wconf 75' lang='lat' dir='ltr'>trado-</span> 
     </span>
     <span class='ocr_line' id='line_1_3' title="bbox 95 358 1385 413; baseline 0 -13"><span class='ocrx_word' id='word_1_17' title='bbox 95 373 141 400; x_wconf 84' lang='lat' dir='ltr'>ve</span> <span class='ocrx_word' id='word_1_18' title='bbox 156 390 167 409; x_wconf 89' lang='lat'>‚</span> <span class='ocrx_word' id='word_1_19' title='bbox 188 370 403 411; x_wconf 86' lang='lat' dir='ltr'>temperare</span> <span class='ocrx_word' id='word_1_20' title='bbox 427 371 504 401; x_wconf 83' lang='lat' dir='ltr'>non</span> <span class='ocrx_word' id='word_1_21' title='bbox 524 358 674 408; x_wconf 77' lang='lat' dir='ltr'>possum</span> <span class='ocrx_word' id='word_1_22' title='bbox 692 389 703 405; x_wconf 81' lang='lat'>,</span> <span class='ocrx_word' id='word_1_23' title='bbox 725 359 818 407; x_wconf 87' lang='lat' dir='ltr'>quin</span> <span class='ocrx_word' id='word_1_24' title='bbox 849 369 937 396; x_wconf 87' lang='lat' dir='ltr'>cum</span> <span class='ocrx_word' id='word_1_25' title='bbox 965 359 1095 397; x_wconf 84' lang='lat' dir='ltr'>animo</span> <span class='ocrx_word' id='word_1_26' title='bbox 1122 373 1208 399; x_wconf 87' lang='lat' dir='ltr'>meo</span> <span class='ocrx_word' id='word_1_27' title='bbox 1233 362 1385 413; x_wconf 86' lang='lat' dir='ltr'>recogi-</span> 
     </span>
     <span class='ocr_line' id='line_1_4' title="bbox 95 416 1386 477; baseline 0.002 -14"><span class='ocrx_word' id='word_1_28' title='bbox 95 431 198 472; x_wconf 71' lang='lat' dir='ltr'>tem,</span> <span class='ocrx_word' id='word_1_29' title='bbox 229 431 373 474; x_wconf 85' lang='lat' dir='ltr'>quanto</span> <span class='ocrx_word' id='word_1_30' title='bbox 401 422 444 477; x_wconf 82' lang='lat' dir='ltr'>fit</span> <span class='ocrx_word' id='word_1_31' title='bbox 465 416 598 460; x_wconf 51' lang='lat' dir='ltr'>uirtuti</span> <span class='ocrx_word' id='word_1_32' title='bbox 622 420 768 460; x_wconf 86' lang='lat' dir='ltr'>firmior</span> <span class='ocrx_word' id='word_1_33' title='bbox 797 434 817 459; x_wconf 87' lang='lat' dir='ltr'>a</span> <span class='ocrx_word' id='word_1_34' title='bbox 845 420 977 471; x_wconf 86' lang='lat' dir='ltr'>laude,</span> <span class='ocrx_word' id='word_1_35' title='bbox 1007 435 1121 473; x_wconf 88' lang='lat' dir='ltr'>quam</span> <span class='ocrx_word' id='word_1_36' title='bbox 1143 437 1191 464; x_wconf 70' lang='lat' dir='ltr'>ex</span> <span class='ocrx_word' id='word_1_37' title='bbox 1216 427 1386 475; x_wconf 85' lang='lat' dir='ltr'>pecunia</span> 
     </span>
     <span class='ocr_line' id='line_1_5' title="bbox 94 483 1387 540; baseline 0.002 -14"><span class='ocrx_word' id='word_1_38' title='bbox 94 499 252 532; x_wconf 64' lang='lat' dir='ltr'>merces.&gt;</span> <span class='ocrx_word' id='word_1_39' title='bbox 283 486 425 536; x_wconf 86' lang='lat' dir='ltr'><strong>quippe</strong></span> <span class='ocrx_word' id='word_1_40' title='bbox 448 492 530 524; x_wconf 83' lang='lat' dir='ltr'>tam</span> <span class='ocrx_word' id='word_1_41' title='bbox 561 483 692 522; x_wconf 88' lang='lat' dir='ltr'>multis</span> <span class='ocrx_word' id='word_1_42' title='bbox 716 484 799 534; x_wconf 87' lang='lat' dir='ltr'>post</span> <span class='ocrx_word' id='word_1_43' title='bbox 821 485 997 524; x_wconf 85' lang='lat' dir='ltr'>aetatibus</span> <span class='ocrx_word' id='word_1_44' title='bbox 1025 486 1144 536; x_wconf 86' lang='lat' dir='ltr'>gloria</span> <span class='ocrx_word' id='word_1_45' title='bbox 1164 488 1222 527; x_wconf 83' lang='lat' dir='ltr'>M.</span> <span class='ocrx_word' id='word_1_46' title='bbox 1248 489 1387 540; x_wconf 79' lang='lat' dir='ltr'>Reguli</span> 
     </span>
     <span class='ocr_line' id='line_1_6' title="bbox 93 546 1386 602; baseline 0.004 -15"><span class='ocrx_word' id='word_1_47' title='bbox 93 557 255 587; x_wconf 87' lang='lat' dir='ltr'>manet:</span> <span class='ocrx_word' id='word_1_48' title='bbox 290 546 453 586; x_wconf 89' lang='lat' dir='ltr'>aliorum</span> <span class='ocrx_word' id='word_1_49' title='bbox 493 558 707 598; x_wconf 37' lang='lat' dir='ltr'>opessscum</span> <span class='ocrx_word' id='word_1_50' title='bbox 739 547 935 596; x_wconf 84' lang='lat' dir='ltr'>dominis,</span> <span class='ocrx_word' id='word_1_51' title='bbox 967 550 1002 587; x_wconf 68' lang='lat' dir='ltr'>Sc</span> <span class='ocrx_word' id='word_1_52' title='bbox 1032 548 1129 599; x_wconf 83' lang='lat' dir='ltr'>saepe</span> <span class='ocrx_word' id='word_1_53' title='bbox 1160 559 1251 589; x_wconf 86' lang='lat' dir='ltr'>ante</span> <span class='ocrx_word' id='word_1_54' title='bbox 1283 551 1386 602; x_wconf 87' lang='lat' dir='ltr'>ipsos</span> 
     </span>
     <span class='ocr_line' id='line_1_7' title="bbox 93 611 1162 662; baseline -0.002 -11"><span class='ocrx_word' id='word_1_55' title='bbox 93 611 299 662; x_wconf 87' lang='lat' dir='ltr'>perierunt.</span> <span class='ocrx_word' id='word_1_56' title='bbox 324 619 362 655; x_wconf 78' lang='lat'>7&lt;</span> <span class='ocrx_word' id='word_1_57' title='bbox 1157 613 1162 623; x_wconf 83' lang='lat'><em>&#39;</em></span> 
     </span>
    </p>

    <p class='ocr_par' dir='ltr' id='par_1_3' title="bbox 37 670 1390 1786">
     <span class='ocr_line' id='line_1_8' title="bbox 166 670 1386 721; baseline 0.003 -8"><span class='ocrx_word' id='word_1_58' title='bbox 166 672 254 713; x_wconf 80' lang='lat' dir='ltr'>XV.</span> <span class='ocrx_word' id='word_1_59' title='bbox 299 670 631 721; x_wconf 82' lang='lat' dir='ltr'>Carthaginienses</span> <span class='ocrx_word' id='word_1_60' title='bbox 667 671 812 711; x_wconf 87' lang='lat' dir='ltr'>interea</span> <span class='ocrx_word' id='word_1_61' title='bbox 844 670 997 712; x_wconf 88' lang='lat' dir='ltr'>duobus</span> <span class='ocrx_word' id='word_1_62' title='bbox 1032 674 1142 715; x_wconf 90' lang='lat' dir='ltr'>domi</span> <span class='ocrx_word' id='word_1_63' title='bbox 1172 677 1386 717; x_wconf 84' lang='lat' dir='ltr'>constitutis</span> 
     </span>
     <span class='ocr_line' id='line_1_9' title="bbox 97 731 1385 785; baseline 0.004 -11"><span class='ocrx_word' id='word_1_64' title='bbox 97 734 261 774; x_wconf 90' lang='lat' dir='ltr'>ducibus</span> <span class='ocrx_word' id='word_1_65' title='bbox 284 731 493 774; x_wconf 83' lang='lat' dir='ltr'>Asdrubale</span> <span class='ocrx_word' id='word_1_66' title='bbox 516 733 720 772; x_wconf 82' lang='lat' dir='ltr'>Hannonis</span> <span class='ocrx_word' id='word_1_67' title='bbox 749 733 790 772; x_wconf 91' lang='lat' dir='ltr'>F.</span> <span class='ocrx_word' id='word_1_68' title='bbox 816 735 852 773; x_wconf 70' lang='grc' dir='ltr'>δι</span> <span class='ocrx_word' id='word_1_69' title='bbox 875 733 1027 774; x_wconf 77' lang='lat' dir='ltr'>Bostare</span> <span class='ocrx_word' id='word_1_70' title='bbox 1043 767 1053 785; x_wconf 91' lang='lat'>‚</span> <span class='ocrx_word' id='word_1_71' title='bbox 1080 739 1239 777; x_wconf 90' lang='lat' dir='ltr'>tertium</span> <span class='ocrx_word' id='word_1_72' title='bbox 1266 740 1385 780; x_wconf 83' lang='lat' dir='ltr'>etiam</span> 
     </span>
     <span class='ocr_line' id='line_1_10' title="bbox 93 795 1382 852; baseline 0.003 -15"><span class='ocrx_word' id='word_1_73' title='bbox 93 795 355 837; x_wconf 79' lang='lat' dir='ltr'>Hamilcarem</span> <span class='ocrx_word' id='word_1_74' title='bbox 382 808 430 836; x_wconf 82' lang='lat' dir='ltr'>ex</span> <span class='ocrx_word' id='word_1_75' title='bbox 458 795 584 834; x_wconf 76' lang='lat' dir='ltr'>Sicilia</span> <span class='ocrx_word' id='word_1_76' title='bbox 612 797 810 844; x_wconf 79' lang='lat' dir='ltr'>accivere,</span> <span class='ocrx_word' id='word_1_77' title='bbox 841 798 907 847; x_wconf 91' lang='lat' dir='ltr'>qui</span> <span class='ocrx_word' id='word_1_78' title='bbox 939 808 1029 836; x_wconf 87' lang='lat' dir='ltr'>cum</span> <span class='ocrx_word' id='word_1_79' title='bbox 1060 799 1236 848; x_wconf 86' lang='lat' dir='ltr'>peditum</span> <span class='ocrx_word' id='word_1_80' title='bbox 1269 803 1382 852; x_wconf 77' lang='lat' dir='ltr'>quin-</span> 
     </span>
     <span class='ocr_line' id='line_1_11' title="bbox 96 857 1387 914; baseline 0.005 -18"><span class='ocrx_word' id='word_1_81' title='bbox 96 870 171 909; x_wconf 88' lang='lat' dir='ltr'>que</span> <span class='ocrx_word' id='word_1_82' title='bbox 201 857 618 907; x_wconf 49' lang='lat' dir='ltr'>millibus;equitibus</span> <span class='ocrx_word' id='word_1_83' title='bbox 650 859 871 909; x_wconf 83' lang='lat' dir='ltr'>quingentis</span> <span class='ocrx_word' id='word_1_84' title='bbox 900 860 1087 901; x_wconf 87' lang='lat' dir='ltr'>Heraclea</span> <span class='ocrx_word' id='word_1_85' title='bbox 1112 863 1387 914; x_wconf 81' lang='lat' dir='ltr'>Carthaginem</span> 
     </span>
     <span class='ocr_line' id='line_1_12' title="bbox 37 923 1387 978; baseline 0.005 -17"><span class='ocrx_word' id='word_1_86' title='bbox 37 969 41 975; x_wconf 34' lang='grc' dir='ltr'>ι</span> <span class='ocrx_word' id='word_1_87' title='bbox 96 936 262 975; x_wconf 85' lang='lat' dir='ltr'>propere</span> <span class='ocrx_word' id='word_1_88' title='bbox 286 923 402 962; x_wconf 87' lang='lat' dir='ltr'>venit.</span> <span class='ocrx_word' id='word_1_89' title='bbox 432 923 485 963; x_wconf 92' lang='lat' dir='ltr'>Hi</span> <span class='ocrx_word' id='word_1_90' title='bbox 501 923 791 963; x_wconf 87' lang='lat' dir='ltr'>communicato</span> <span class='ocrx_word' id='word_1_91' title='bbox 812 925 912 964; x_wconf 88' lang='lat' dir='ltr'>inter</span> <span class='ocrx_word' id='word_1_92' title='bbox 928 924 965 964; x_wconf 91' lang='lat' dir='ltr'>se</span> <span class='ocrx_word' id='word_1_93' title='bbox 986 925 1142 965; x_wconf 79' lang='lat' dir='ltr'>consilio</span> <span class='ocrx_word' id='word_1_94' title='bbox 1159 928 1387 978; x_wconf 88' lang='lat' dir='ltr'>statuerunt,</span> 
     </span>
     <span class='ocr_line' id='line_1_13' title="bbox 96 987 1390 1040; baseline 0.004 -15"><span class='ocrx_word' id='word_1_95' title='bbox 96 1001 165 1025; x_wconf 83' lang='lat' dir='ltr'>non</span> <span class='ocrx_word' id='word_1_96' title='bbox 178 987 343 1025; x_wconf 81' lang='lat' dir='ltr'>moeaibus</span> <span class='ocrx_word' id='word_1_97' title='bbox 359 1017 369 1034; x_wconf 87' lang='lat'><strong>‚</strong></span> <span class='ocrx_word' id='word_1_98' title='bbox 395 998 434 1025; x_wconf 84' lang='lat' dir='ltr'>ut</span> <span class='ocrx_word' id='word_1_99' title='bbox 456 989 507 1025; x_wconf 82' lang='lat' dir='ltr'>ad</span> <span class='ocrx_word' id='word_1_100' title='bbox 524 1002 598 1026; x_wconf 81' lang='lat' dir='ltr'>eam</span> <span class='ocrx_word' id='word_1_101' title='bbox 612 988 703 1025; x_wconf 81' lang='lat' dir='ltr'>diem</span> <span class='ocrx_word' id='word_1_102' title='bbox 716 987 851 1040; x_wconf 54' lang='lat' dir='ltr'>saelum</span> <span class='ocrx_word' id='word_1_103' title='bbox 862 988 1004 1040; x_wconf 73' lang='lat' dir='ltr'>ficerat,</span> <span class='ocrx_word' id='word_1_104' title='bbox 1025 989 1267 1030; x_wconf 83' lang='lat' dir='ltr'>continendum</span> <span class='ocrx_word' id='word_1_105' title='bbox 1287 1007 1390 1030; x_wconf 84' lang='lat' dir='ltr'>exer-</span> 
     </span>
     <span class='ocr_line' id='line_1_14' title="bbox 91 1051 1389 1105; baseline 0.002 -16"><span class='ocrx_word' id='word_1_106' title='bbox 91 1051 200 1090; x_wconf 81' lang='lat' dir='ltr'>citum</span> <span class='ocrx_word' id='word_1_107' title='bbox 216 1065 232 1098; x_wconf 88' lang='lat'>,·</span> <span class='ocrx_word' id='word_1_108' title='bbox 254 1064 360 1102; x_wconf 76' lang='lat' dir='ltr'>neque</span> <span class='ocrx_word' id='word_1_109' title='bbox 379 1051 560 1088; x_wconf 86' lang='lat' dir='ltr'>Romanos</span> <span class='ocrx_word' id='word_1_110' title='bbox 584 1051 722 1103; x_wconf 83' lang='lat' dir='ltr'>impune</span> <span class='ocrx_word' id='word_1_111' title='bbox 747 1051 890 1102; x_wconf 81' lang='lat' dir='ltr'>quidvis</span> <span class='ocrx_word' id='word_1_112' title='bbox 921 1064 1019 1103; x_wconf 81' lang='lat' dir='ltr'>agere</span> <span class='ocrx_word' id='word_1_113' title='bbox 1034 1053 1204 1102; x_wconf 82' lang='lat' dir='ltr'>finendos</span> <span class='ocrx_word' id='word_1_114' title='bbox 1232 1053 1306 1105; x_wconf 57' lang='lat' dir='ltr'>effe.</span> <span class='ocrx_word' id='word_1_115' title='bbox 1336 1053 1389 1092; x_wconf 81' lang='lat' dir='ltr'>{io</span> 
     </span>
     <span class='ocr_line' id='line_1_15' title="bbox 92 1109 1385 1160; baseline 0.002 -10"><span class='ocrx_word' id='word_1_116' title='bbox 92 1111 234 1151; x_wconf 74' lang='lat' dir='ltr'>animis</span> <span class='ocrx_word' id='word_1_117' title='bbox 263 1111 313 1150; x_wconf 85' lang='lat' dir='ltr'>ad</span> <span class='ocrx_word' id='word_1_118' title='bbox 346 1110 491 1150; x_wconf 89' lang='lat' dir='ltr'>bellum</span> <span class='ocrx_word' id='word_1_119' title='bbox 525 1109 734 1160; x_wconf 85' lang='lat' dir='ltr'>gerendum</span> <span class='ocrx_word' id='word_1_120' title='bbox 768 1109 934 1149; x_wconf 88' lang='lat' dir='ltr'>incitatis</span> <span class='ocrx_word' id='word_1_121' title='bbox 970 1110 1160 1150; x_wconf 77' lang='lat' dir='ltr'>exercitus</span> <span class='ocrx_word' id='word_1_122' title='bbox 1193 1112 1385 1152; x_wconf 82' lang='lat' dir='ltr'>educitur.</span> 
     </span>
     <span class='ocr_line' id='line_1_16' title="bbox 99 1170 1389 1225; baseline 0 -10"><span class='ocrx_word' id='word_1_123' title='bbox 99 1173 249 1215; x_wconf 86' lang='lat' dir='ltr'>Interea</span> <span class='ocrx_word' id='word_1_124' title='bbox 289 1172 346 1213; x_wconf 82' lang='lat' dir='ltr'>M.</span> <span class='ocrx_word' id='word_1_125' title='bbox 381 1170 552 1222; x_wconf 85' lang='lat' dir='ltr'>Regulus</span> <span class='ocrx_word' id='word_1_126' title='bbox 582 1172 757 1221; x_wconf 77' lang='lat' dir='ltr'>proxima</span> <span class='ocrx_word' id='word_1_127' title='bbox 799 1183 958 1221; x_wconf 80' lang='lat' dir='ltr'>quaeque</span> <span class='ocrx_word' id='word_1_128' title='bbox 986 1171 1198 1225; x_wconf 84' lang='lat' dir='ltr'>subigendo</span> <span class='ocrx_word' id='word_1_129' title='bbox 1230 1175 1268 1213; x_wconf 88' lang='lat' dir='ltr'>in</span> <span class='ocrx_word' id='word_1_130' title='bbox 1299 1175 1389 1216; x_wconf 88' lang='lat' dir='ltr'>loca.</span> 
     </span>
     <span class='ocr_line' id='line_1_17' title="bbox 95 1233 1390 1290; baseline -0.002 -12"><span class='ocrx_word' id='word_1_131' title='bbox 95 1244 341 1290; x_wconf 80' lang='lat' dir='ltr'>pervenerat,</span> <span class='ocrx_word' id='word_1_132' title='bbox 367 1248 435 1286; x_wconf 87' lang='lat' dir='ltr'>per</span> <span class='ocrx_word' id='word_1_133' title='bbox 464 1247 547 1285; x_wconf 77' lang='lat' dir='ltr'>quae</span> <span class='ocrx_word' id='word_1_134' title='bbox 569 1235 714 1273; x_wconf 87' lang='lat' dir='ltr'>flumen</span> <span class='ocrx_word' id='word_1_135' title='bbox 741 1234 912 1284; x_wconf 83' lang='lat' dir='ltr'>Bagrada</span> <span class='ocrx_word' id='word_1_136' title='bbox 938 1233 1099 1276; x_wconf 82' lang='lat' dir='ltr'>labitur:</span> <span class='ocrx_word' id='word_1_137' title='bbox 1127 1236 1174 1275; x_wconf 87' lang='lat' dir='ltr'>ad</span> <span class='ocrx_word' id='word_1_138' title='bbox 1196 1237 1301 1286; x_wconf 85' lang='lat' dir='ltr'>quod</span> <span class='ocrx_word' id='word_1_139' title='bbox 1327 1249 1390 1275; x_wconf 86' lang='lat' dir='ltr'>ca-</span> 
     </span>
     <span class='ocr_line' id='line_1_18' title="bbox 95 1294 1390 1347; baseline -0.003 -7"><span class='ocrx_word' id='word_1_140' title='bbox 95 1300 168 1340; x_wconf 84' lang='lat' dir='ltr'>stra</span> <span class='ocrx_word' id='word_1_141' title='bbox 193 1299 376 1338; x_wconf 80' lang='lat' dir='ltr'>habentes</span> <span class='ocrx_word' id='word_1_142' title='bbox 404 1296 598 1336; x_wconf 87' lang='lat' dir='ltr'>Romanos</span> <span class='ocrx_word' id='word_1_143' title='bbox 624 1294 833 1347; x_wconf 84' lang='lat' dir='ltr'>improvisa</span> <span class='ocrx_word' id='word_1_144' title='bbox 855 1295 965 1345; x_wconf 89' lang='lat' dir='ltr'>pestis</span> <span class='ocrx_word' id='word_1_145' title='bbox 983 1297 1018 1335; x_wconf 71' lang='grc' dir='ltr'>δι</span> <span class='ocrx_word' id='word_1_146' title='bbox 1041 1296 1184 1336; x_wconf 86' lang='lat' dir='ltr'>damno</span> <span class='ocrx_word' id='word_1_147' title='bbox 1204 1310 1283 1336; x_wconf 92' lang='lat' dir='ltr'>non</span> <span class='ocrx_word' id='word_1_148' title='bbox 1310 1311 1390 1337; x_wconf 84' lang='lat' dir='ltr'>me-</span> 
     </span>
     <span class='ocr_line' id='line_1_19' title="bbox 100 1358 1390 1411; baseline -0.003 -7"><span class='ocrx_word' id='word_1_149' title='bbox 100 1364 222 1404; x_wconf 89' lang='lat' dir='ltr'>diocri</span> <span class='ocrx_word' id='word_1_150' title='bbox 238 1394 249 1411; x_wconf 85' lang='lat'>,</span> <span class='ocrx_word' id='word_1_151' title='bbox 265 1365 301 1403; x_wconf 72' lang='grc' dir='ltr'>δε</span> <span class='ocrx_word' id='word_1_152' title='bbox 323 1370 466 1401; x_wconf 90' lang='lat' dir='ltr'>terrore</span> <span class='ocrx_word' id='word_1_153' title='bbox 480 1359 608 1400; x_wconf 85' lang='lat' dir='ltr'>adhuc</span> <span class='ocrx_word' id='word_1_154' title='bbox 625 1362 770 1409; x_wconf 87' lang='lat' dir='ltr'>maj0re</span> <span class='ocrx_word' id='word_1_155' title='bbox 785 1358 959 1409; x_wconf 88' lang='lat' dir='ltr'>perculit.</span> <span class='ocrx_word' id='word_1_156' title='bbox 978 1359 1262 1410; x_wconf 81' lang='lat' dir='ltr'>Magnitudinis</span> <span class='ocrx_word' id='word_1_157' title='bbox 1281 1362 1390 1401; x_wconf 88' lang='lat' dir='ltr'>enim</span> 
     </span>
     <span class='ocr_line' id='line_1_20' title="bbox 97 1420 1389 1477; baseline -0.005 -12"><span class='ocrx_word' id='word_1_158' title='bbox 97 1423 328 1477; x_wconf 68' lang='lat' dir='ltr'>portentosae</span> <span class='ocrx_word' id='word_1_159' title='bbox 351 1423 502 1473; x_wconf 85' lang='lat' dir='ltr'>serpens</span> <span class='ocrx_word' id='word_1_160' title='bbox 533 1433 714 1472; x_wconf 80' lang='lat' dir='ltr'>aquatum</span> <span class='ocrx_word' id='word_1_161' title='bbox 745 1420 939 1471; x_wconf 63' lang='lat' dir='ltr'>profectos</span> <span class='ocrx_word' id='word_1_162' title='bbox 964 1420 1106 1460; x_wconf 88' lang='lat' dir='ltr'>milites</span> <span class='ocrx_word' id='word_1_163' title='bbox 1131 1421 1287 1469; x_wconf 79' lang='lat' dir='ltr'>invafit3</span> <span class='ocrx_word' id='word_1_164' title='bbox 1313 1430 1389 1460; x_wconf 87' lang='lat' dir='ltr'>ter-</span> 
     </span>
     <span class='ocr_line' id='line_1_21' title="bbox 98 1482 1387 1539; baseline -0.004 -11"><span class='ocrx_word' id='word_1_165' title='bbox 98 1488 251 1539; x_wconf 89' lang='lat' dir='ltr'>ritisque</span> <span class='ocrx_word' id='word_1_166' title='bbox 274 1489 309 1527; x_wconf 84' lang='lat'>&amp;</span> <span class='ocrx_word' id='word_1_167' title='bbox 332 1486 597 1537; x_wconf 73' lang='lat' dir='ltr'>nequidquam</span> <span class='ocrx_word' id='word_1_168' title='bbox 620 1482 920 1535; x_wconf 74' lang='lat' dir='ltr'>repugnantibus</span> <span class='ocrx_word' id='word_1_169' title='bbox 950 1483 1094 1522; x_wconf 90' lang='lat' dir='ltr'>multos</span> <span class='ocrx_word' id='word_1_170' title='bbox 1118 1483 1284 1535; x_wconf 84' lang='lat' dir='ltr'>ingentis</span> <span class='ocrx_word' id='word_1_171' title='bbox 1306 1485 1387 1523; x_wconf 86' lang='lat' dir='ltr'>oris</span> 
     </span>
     <span class='ocr_line' id='line_1_22' title="bbox 98 1543 1390 1598; baseline -0.005 -7"><span class='ocrx_word' id='word_1_172' title='bbox 98 1550 208 1591; x_wconf 87' lang='lat' dir='ltr'>hiatu</span> <span class='ocrx_word' id='word_1_173' title='bbox 237 1549 407 1589; x_wconf 89' lang='lat' dir='ltr'>sorbuit:</span> <span class='ocrx_word' id='word_1_174' title='bbox 432 1547 528 1587; x_wconf 85' lang='lat' dir='ltr'>alios</span> <span class='ocrx_word' id='word_1_175' title='bbox 551 1547 731 1598; x_wconf 89' lang='lat' dir='ltr'>spirarum</span> <span class='ocrx_word' id='word_1_176' title='bbox 747 1543 1006 1584; x_wconf 87' lang='lat' dir='ltr'>voluminibus</span> <span class='ocrx_word' id='word_1_177' title='bbox 1029 1548 1065 1586; x_wconf 71' lang='grc' dir='ltr'>δι</span> <span class='ocrx_word' id='word_1_178' title='bbox 1080 1546 1213 1585; x_wconf 81' lang='lat' dir='ltr'>caudae</span> <span class='ocrx_word' id='word_1_179' title='bbox 1231 1546 1390 1586; x_wconf 88' lang='lat' dir='ltr'>verbere</span> 
     </span>
     <span class='ocr_line' id='line_1_23' title="bbox 98 1606 1389 1660; baseline -0.005 -7"><span class='ocrx_word' id='word_1_180' title='bbox 98 1612 282 1654; x_wconf 87' lang='lat' dir='ltr'>obtrivit:</span> <span class='ocrx_word' id='word_1_181' title='bbox 302 1609 510 1650; x_wconf 85' lang='lat' dir='ltr'>nonnullos</span> <span class='ocrx_word' id='word_1_182' title='bbox 537 1609 619 1660; x_wconf 82' lang='lat' dir='ltr'>ipso</span> <span class='ocrx_word' id='word_1_183' title='bbox 641 1607 848 1659; x_wconf 86' lang='lat' dir='ltr'>pestilentis</span> <span class='ocrx_word' id='word_1_184' title='bbox 873 1606 1012 1647; x_wconf 88' lang='lat' dir='ltr'>halitus</span> <span class='ocrx_word' id='word_1_185' title='bbox 1040 1608 1168 1647; x_wconf 84' lang='lat' dir='ltr'>afflatu</span> <span class='ocrx_word' id='word_1_186' title='bbox 1193 1609 1389 1648; x_wconf 79' lang='lat' dir='ltr'>exanima-</span> 
     </span>
     <span class='ocr_line' id='line_1_24' title="bbox 98 1669 1390 1725; baseline -0.004 -10"><span class='ocrx_word' id='word_1_187' title='bbox 98 1675 154 1716; x_wconf 88' lang='lat' dir='ltr'>vit</span> <span class='ocrx_word' id='word_1_188' title='bbox 171 1688 180 1714; x_wconf 76' lang='grc' dir='ltr'><strong><em>ε</em></strong></span> <span class='ocrx_word' id='word_1_189' title='bbox 203 1682 430 1725; x_wconf 90' lang='lat' dir='ltr'>tantumque</span> <span class='ocrx_word' id='word_1_190' title='bbox 454 1672 598 1723; x_wconf 83' lang='lat' dir='ltr'>negotii</span> <span class='ocrx_word' id='word_1_191' title='bbox 618 1672 672 1713; x_wconf 79' lang='lat' dir='ltr'>M.</span> <span class='ocrx_word' id='word_1_192' title='bbox 696 1669 845 1721; x_wconf 87' lang='lat' dir='ltr'>Regulo</span> <span class='ocrx_word' id='word_1_193' title='bbox 865 1669 1043 1709; x_wconf 81' lang='lat' dir='ltr'>facessere</span> <span class='ocrx_word' id='word_1_194' title='bbox 1064 1671 1213 1720; x_wconf 90' lang='lat' dir='ltr'>potuit,</span> <span class='ocrx_word' id='word_1_195' title='bbox 1232 1678 1276 1709; x_wconf 90' lang='lat' dir='ltr'>ut</span> <span class='ocrx_word' id='word_1_196' title='bbox 1294 1671 1390 1710; x_wconf 85' lang='lat' dir='ltr'>totis</span> 
     </span>
     <span class='ocr_line' id='line_1_25' title="bbox 98 1732 1351 1786; baseline -0.002 -9"><span class='ocrx_word' id='word_1_197' title='bbox 98 1736 242 1779; x_wconf 90' lang='lat' dir='ltr'>viribus</span> <span class='ocrx_word' id='word_1_198' title='bbox 271 1749 360 1776; x_wconf 91' lang='lat' dir='ltr'>cum</span> <span class='ocrx_word' id='word_1_199' title='bbox 388 1749 434 1776; x_wconf 88' lang='lat' dir='ltr'>eo</span> <span class='ocrx_word' id='word_1_200' title='bbox 457 1736 504 1775; x_wconf 88' lang='lat' dir='ltr'>de</span> <span class='ocrx_word' id='word_1_201' title='bbox 529 1734 755 1786; x_wconf 71' lang='lat' dir='ltr'>poss&#39;effione</span> <span class='ocrx_word' id='word_1_202' title='bbox 779 1734 904 1772; x_wconf 84' lang='lat' dir='ltr'>amnis</span> <span class='ocrx_word' id='word_1_203' title='bbox 929 1732 1046 1772; x_wconf 88' lang='lat' dir='ltr'>fuerit</span> <span class='ocrx_word' id='word_1_204' title='bbox 1070 1732 1351 1774; x_wconf 84' lang='lat' dir='ltr'>dimicandum.</span> 
     </span>
    </p>

    <p class='ocr_par' dir='ltr' id='par_1_4' title="bbox 95 1794 1394 2347">
     <span class='ocr_line' id='line_1_26' title="bbox 155 1794 1392 1847; baseline -0.006 -9"><span class='ocrx_word' id='word_1_205' title='bbox 155 1798 261 1838; x_wconf 87' lang='lat' dir='ltr'>XVI.</span> <span class='ocrx_word' id='word_1_206' title='bbox 293 1798 413 1847; x_wconf 90' lang='lat' dir='ltr'>Quod</span> <span class='ocrx_word' id='word_1_207' title='bbox 443 1797 504 1837; x_wconf 89' lang='lat' dir='ltr'>ubi</span> <span class='ocrx_word' id='word_1_208' title='bbox 528 1809 616 1836; x_wconf 90' lang='lat' dir='ltr'>cum</span> <span class='ocrx_word' id='word_1_209' title='bbox 637 1798 782 1846; x_wconf 67' lang='lat' dir='ltr'>jactura</span> <span class='ocrx_word' id='word_1_210' title='bbox 807 1794 977 1834; x_wconf 86' lang='lat' dir='ltr'>militum</span> <span class='ocrx_word' id='word_1_211' title='bbox 1000 1794 1139 1844; x_wconf 85' lang='lat' dir='ltr'>fiebat,</span> <span class='ocrx_word' id='word_1_212' title='bbox 1163 1807 1288 1845; x_wconf 88' lang='lat' dir='ltr'>neque</span> <span class='ocrx_word' id='word_1_213' title='bbox 1308 1796 1392 1835; x_wconf 85' lang='lat' dir='ltr'>vin-</span> 
     </span>
     <span class='ocr_line' id='line_1_27' title="bbox 101 1855 1393 1909; baseline -0.005 -10"><span class='ocrx_word' id='word_1_214' title='bbox 101 1861 140 1899; x_wconf 87' lang='lat' dir='ltr'>ci</span> <span class='ocrx_word' id='word_1_215' title='bbox 169 1867 235 1898; x_wconf 89' lang='lat' dir='ltr'>aut</span> <span class='ocrx_word' id='word_1_216' title='bbox 258 1858 446 1898; x_wconf 88' lang='lat' dir='ltr'>vulnerari</span> <span class='ocrx_word' id='word_1_217' title='bbox 476 1859 592 1898; x_wconf 84' lang='lat' dir='ltr'>draco</span> <span class='ocrx_word' id='word_1_218' title='bbox 617 1866 790 1909; x_wconf 84' lang='lat' dir='ltr'>poterat,</span> <span class='ocrx_word' id='word_1_219' title='bbox 815 1856 1010 1895; x_wconf 81' lang='lat' dir='ltr'>durissima</span> <span class='ocrx_word' id='word_1_220' title='bbox 1036 1855 1277 1906; x_wconf 86' lang='lat' dir='ltr'>squamarum</span> <span class='ocrx_word' id='word_1_221' title='bbox 1304 1856 1393 1896; x_wconf 77' lang='lat' dir='ltr'>lori-</span> 
     </span>
     <span class='ocr_line' id='line_1_28' title="bbox 100 1915 1392 1970; baseline -0.002 -10"><span class='ocrx_word' id='word_1_222' title='bbox 100 1933 169 1969; x_wconf 86' lang='lat' dir='ltr'>ca,</span> <span class='ocrx_word' id='word_1_223' title='bbox 193 1919 378 1970; x_wconf 87' lang='lat' dir='ltr'>quidquid</span> <span class='ocrx_word' id='word_1_224' title='bbox 401 1919 565 1958; x_wconf 90' lang='lat' dir='ltr'>telorum</span> <span class='ocrx_word' id='word_1_225' title='bbox 588 1919 842 1970; x_wconf 86' lang='lat' dir='ltr'>ingereretur,</span> <span class='ocrx_word' id='word_1_226' title='bbox 864 1915 980 1956; x_wconf 78' lang='lat' dir='ltr'>facile</span> <span class='ocrx_word' id='word_1_227' title='bbox 1001 1916 1230 1966; x_wconf 86' lang='lat' dir='ltr'>repellente;</span> <span class='ocrx_word' id='word_1_228' title='bbox 1253 1918 1392 1958; x_wconf 80' lang='lat' dir='ltr'>confu-</span> 
     </span>
     <span class='ocr_line' id='line_1_29' title="bbox 100 1978 1392 2033; baseline -0.002 -12"><span class='ocrx_word' id='word_1_229' title='bbox 100 1982 288 2033; x_wconf 85' lang='lat' dir='ltr'>giendum</span> <span class='ocrx_word' id='word_1_230' title='bbox 318 1981 366 2021; x_wconf 88' lang='lat' dir='ltr'>ad</span> <span class='ocrx_word' id='word_1_231' title='bbox 396 1980 616 2029; x_wconf 83' lang='lat' dir='ltr'>machinas,</span> <span class='ocrx_word' id='word_1_232' title='bbox 647 1979 890 2029; x_wconf 62' lang='lat' dir='ltr'>advesstisque</span> <span class='ocrx_word' id='word_1_233' title='bbox 931 1978 1085 2017; x_wconf 73' lang='lat' dir='ltr'>ballistis</span> <span class='ocrx_word' id='word_1_234' title='bbox 1119 1982 1154 2018; x_wconf 66' lang='grc' dir='ltr'>ὁὶ</span> <span class='ocrx_word' id='word_1_235' title='bbox 1185 1979 1392 2030; x_wconf 79' lang='lat' dir='ltr'>catapultis</span> 
     </span>
     <span class='ocr_line' id='line_1_30' title="bbox 99 2039 1392 2094; baseline -0.002 -11"><span class='ocrx_word' id='word_1_236' title='bbox 99 2043 207 2084; x_wconf 88' lang='lat' dir='ltr'>velut</span> <span class='ocrx_word' id='word_1_237' title='bbox 238 2056 302 2083; x_wconf 86' lang='lat' dir='ltr'>arx</span> <span class='ocrx_word' id='word_1_238' title='bbox 337 2044 512 2094; x_wconf 70' lang='lat' dir='ltr'>quaedam</span> <span class='ocrx_word' id='word_1_239' title='bbox 554 2044 727 2091; x_wconf 85' lang='lat' dir='ltr'>munita,</span> <span class='ocrx_word' id='word_1_240' title='bbox 754 2041 995 2092; x_wconf 86' lang='lat' dir='ltr'>dejiciendus</span> <span class='ocrx_word' id='word_1_241' title='bbox 1029 2039 1144 2079; x_wconf 87' lang='lat' dir='ltr'>hostis</span> <span class='ocrx_word' id='word_1_242' title='bbox 1175 2040 1261 2080; x_wconf 90' lang='lat' dir='ltr'>fuit.</span> <span class='ocrx_word' id='word_1_243' title='bbox 1304 2041 1392 2080; x_wconf 84' lang='lat' dir='ltr'>Post</span> 
     </span>
     <span class='ocr_line' id='line_1_31' title="bbox 101 2102 1394 2156; baseline -0.002 -11"><span class='ocrx_word' id='word_1_244' title='bbox 101 2104 253 2156; x_wconf 82' lang='lat' dir='ltr'>aliquot</span> <span class='ocrx_word' id='word_1_245' title='bbox 283 2107 405 2155; x_wconf 59' lang='lat' dir='ltr'>janus</span> <span class='ocrx_word' id='word_1_246' title='bbox 431 2106 469 2143; x_wconf 89' lang='lat' dir='ltr'>in</span> <span class='ocrx_word' id='word_1_247' title='bbox 498 2118 637 2143; x_wconf 84' lang='lat' dir='ltr'>vanum</span> <span class='ocrx_word' id='word_1_248' title='bbox 665 2104 815 2143; x_wconf 77' lang='lat' dir='ltr'>emiss&#39;us</span> <span class='ocrx_word' id='word_1_249' title='bbox 841 2105 975 2154; x_wconf 87' lang='lat' dir='ltr'>ingens</span> <span class='ocrx_word' id='word_1_250' title='bbox 998 2102 1132 2142; x_wconf 79' lang='lat' dir='ltr'>saxum</span> <span class='ocrx_word' id='word_1_251' title='bbox 1156 2102 1263 2154; x_wconf 87' lang='lat' dir='ltr'>spina</span> <span class='ocrx_word' id='word_1_252' title='bbox 1289 2103 1394 2144; x_wconf 75' lang='lat' dir='ltr'>dorsi</span> 
     </span>
     <span class='ocr_line' id='line_1_32' title="bbox 100 2167 1392 2220; baseline 0 -13"><span class='ocrx_word' id='word_1_253' title='bbox 100 2168 288 2219; x_wconf 67' lang='lat' dir='ltr'>perfrasta</span> <span class='ocrx_word' id='word_1_254' title='bbox 303 2199 313 2217; x_wconf 86' lang='lat'>,</span> <span class='ocrx_word' id='word_1_255' title='bbox 336 2170 508 2220; x_wconf 88' lang='lat' dir='ltr'>vigorem</span> <span class='ocrx_word' id='word_1_256' title='bbox 534 2170 799 2219; x_wconf 82' lang='lat' dir='ltr'>impetumque</span> <span class='ocrx_word' id='word_1_257' title='bbox 821 2167 1073 2207; x_wconf 82' lang='lat' dir='ltr'>formidabilis</span> <span class='ocrx_word' id='word_1_258' title='bbox 1097 2167 1254 2206; x_wconf 89' lang='lat' dir='ltr'>monstri</span> <span class='ocrx_word' id='word_1_259' title='bbox 1277 2167 1392 2207; x_wconf 91' lang='lat' dir='ltr'>resol-</span> 
     </span>
     <span class='ocr_line' id='line_1_33' title="bbox 98 2230 1391 2282; baseline -0.001 -12"><span class='ocrx_word' id='word_1_260' title='bbox 98 2231 165 2270; x_wconf 91' lang='lat' dir='ltr'>vit.</span> <span class='ocrx_word' id='word_1_261' title='bbox 203 2231 266 2271; x_wconf 89' lang='lat' dir='ltr'>Sic</span> <span class='ocrx_word' id='word_1_262' title='bbox 292 2243 447 2282; x_wconf 89' lang='lat' dir='ltr'>quoque</span> <span class='ocrx_word' id='word_1_263' title='bbox 471 2231 678 2271; x_wconf 87' lang='lat' dir='ltr'>difficulter</span> <span class='ocrx_word' id='word_1_264' title='bbox 704 2231 926 2271; x_wconf 69' lang='lat' dir='ltr'>confectum</span> <span class='ocrx_word' id='word_1_265' title='bbox 947 2230 1023 2279; x_wconf 82' lang='lat' dir='ltr'>est,</span> <span class='ocrx_word' id='word_1_266' title='bbox 1041 2239 1149 2270; x_wconf 86' lang='lat' dir='ltr'>tanto</span> <span class='ocrx_word' id='word_1_267' title='bbox 1175 2243 1266 2270; x_wconf 90' lang='lat' dir='ltr'>cum</span> <span class='ocrx_word' id='word_1_268' title='bbox 1290 2230 1391 2270; x_wconf 89' lang='lat' dir='ltr'>hor-</span> 
     </span>
     <span class='ocr_line' id='line_1_34' title="bbox 95 2291 1392 2347; baseline 0.001 -17"><span class='ocrx_word' id='word_1_269' title='bbox 95 2303 187 2330; x_wconf 82' lang='lat' dir='ltr'>rore</span> <span class='ocrx_word' id='word_1_270' title='bbox 212 2291 410 2343; x_wconf 85' lang='lat' dir='ltr'>legionum</span> <span class='ocrx_word' id='word_1_271' title='bbox 435 2295 471 2332; x_wconf 73' lang='grc' dir='ltr'>ἅ</span> <span class='ocrx_word' id='word_1_272' title='bbox 496 2292 740 2342; x_wconf 82' lang='lat' dir='ltr'>cohortium,</span> <span class='ocrx_word' id='word_1_273' title='bbox 771 2301 814 2332; x_wconf 88' lang='lat' dir='ltr'>ut</span> <span class='ocrx_word' id='word_1_274' title='bbox 835 2293 876 2346; x_wconf 88' lang='lat' dir='ltr'>se</span> <span class='ocrx_word' id='word_1_275' title='bbox 892 2306 1092 2347; x_wconf 81' lang='lat' dir='ltr'>oppugnare</span> <span class='ocrx_word' id='word_1_276' title='bbox 1119 2294 1392 2347; x_wconf 83' lang='lat' dir='ltr'>Carthaginem,</span> 
     </span>
    </p>
   </div>
   <div class='ocr_carea' id='block_1_3' title="bbox 104 2417 1391 2554">
    <p class='ocr_par' dir='ltr' id='par_1_5' title="bbox 104 2417 1391 2554">
     <span class='ocr_line' id='line_1_35' title="bbox 154 2417 1391 2464; baseline 0.003 -14"><span class='ocrx_word' id='word_1_277' title='bbox 154 2418 176 2459; x_wconf 60' lang='lat' dir='ltr'>S</span> <span class='ocrx_word' id='word_1_278' title='bbox 198 2417 288 2452; x_wconf 81' lang='lat' dir='ltr'>XIV.</span> <span class='ocrx_word' id='word_1_279' title='bbox 314 2419 389 2452; x_wconf 80' lang='lat' dir='ltr'>Liv.</span> <span class='ocrx_word' id='word_1_280' title='bbox 409 2419 498 2462; x_wconf 81' lang='lat' dir='ltr'>Epir.</span> <span class='ocrx_word' id='word_1_281' title='bbox 525 2420 576 2454; x_wconf 79' lang='lat'>18.</span> <span class='ocrx_word' id='word_1_282' title='bbox 594 2422 709 2455; x_wconf 86' lang='lat' dir='ltr'>Front.</span> <span class='ocrx_word' id='word_1_283' title='bbox 729 2421 832 2454; x_wconf 84' lang='lat' dir='ltr'>Strat.</span> <span class='ocrx_word' id='word_1_284' title='bbox 856 2432 877 2463; x_wconf 86' lang='lat'><strong>4</strong></span> <span class='ocrx_word' id='word_1_285' title='bbox 893 2448 902 2462; x_wconf 79' lang='grc'>,</span> <span class='ocrx_word' id='word_1_286' title='bbox 922 2431 974 2464; x_wconf 81' lang='lat'>33.</span> <span class='ocrx_word' id='word_1_287' title='bbox 999 2422 1074 2456; x_wconf 77' lang='lat' dir='ltr'>val.</span> <span class='ocrx_word' id='word_1_288' title='bbox 1104 2421 1197 2454; x_wconf 81' lang='lat' dir='ltr'>Max.</span> <span class='ocrx_word' id='word_1_289' title='bbox 1227 2433 1237 2453; x_wconf 93' lang='lat' dir='ltr'>r</span> <span class='ocrx_word' id='word_1_290' title='bbox 1255 2446 1262 2459; x_wconf 77' lang='grc'><strong>,</strong></span> <span class='ocrx_word' id='word_1_291' title='bbox 1284 2421 1316 2459; x_wconf 77' lang='lat' dir='ltr'>S,</span> <span class='ocrx_word' id='word_1_292' title='bbox 1337 2431 1391 2462; x_wconf 83' lang='lat'>19.</span> 
     </span>
     <span class='ocr_line' id='line_1_36' title="bbox 104 2463 1390 2511; baseline 0.002 -16"><span class='ocrx_word' id='word_1_293' title='bbox 104 2463 218 2496; x_wconf 81' lang='lat' dir='ltr'>Senec.</span> <span class='ocrx_word' id='word_1_294' title='bbox 243 2463 282 2496; x_wconf 83' lang='lat' dir='ltr'>ad</span> <span class='ocrx_word' id='word_1_295' title='bbox 305 2463 404 2497; x_wconf 86' lang='lat' dir='ltr'>Helv.</span> <span class='ocrx_word' id='word_1_296' title='bbox 430 2465 498 2498; x_wconf 88' lang='lat' dir='ltr'>Dio</span> <span class='ocrx_word' id='word_1_297' title='bbox 521 2478 575 2509; x_wconf 78' lang='lat' dir='ltr'>ap.</span> <span class='ocrx_word' id='word_1_298' title='bbox 598 2466 710 2500; x_wconf 76' lang='lat' dir='ltr'>vales.</span> <span class='ocrx_word' id='word_1_299' title='bbox 738 2466 855 2511; x_wconf 85' lang='lat' dir='ltr'>Polyb.</span> <span class='ocrx_word' id='word_1_300' title='bbox 880 2467 902 2508; x_wconf 68' lang='grc' dir='ltr'>Ε</span> <span class='ocrx_word' id='word_1_301' title='bbox 929 2467 1004 2499; x_wconf 87' lang='lat' dir='ltr'>XV.</span> <span class='ocrx_word' id='word_1_302' title='bbox 1031 2467 1154 2499; x_wconf 77' lang='lat' dir='ltr'>Zonar.</span> <span class='ocrx_word' id='word_1_303' title='bbox 1180 2466 1265 2497; x_wconf 75' lang='lat' dir='ltr'>flur.</span> <span class='ocrx_word' id='word_1_304' title='bbox 1292 2477 1330 2504; x_wconf 81' lang='lat'>2,</span> <span class='ocrx_word' id='word_1_305' title='bbox 1356 2477 1390 2499; x_wconf 78' lang='lat'>2.</span> 
     </span>
     <span class='ocr_line' id='line_1_37' title="bbox 105 2508 1390 2554; baseline 0.004 -15"><span class='ocrx_word' id='word_1_306' title='bbox 105 2508 184 2540; x_wconf 62' lang='grc' dir='ltr'>[ἰν.</span> <span class='ocrx_word' id='word_1_307' title='bbox 205 2508 293 2551; x_wconf 84' lang='lat' dir='ltr'>Epir.</span> <span class='ocrx_word' id='word_1_308' title='bbox 309 2508 385 2541; x_wconf 78' lang='lat' dir='ltr'>val.</span> <span class='ocrx_word' id='word_1_309' title='bbox 405 2509 498 2542; x_wconf 86' lang='lat' dir='ltr'>Max.</span> <span class='ocrx_word' id='word_1_310' title='bbox 514 2523 610 2552; x_wconf 87' lang='lat'>4‚4,</span> <span class='ocrx_word' id='word_1_311' title='bbox 631 2512 662 2545; x_wconf 83' lang='lat'>6.</span> <span class='ocrx_word' id='word_1_312' title='bbox 697 2509 800 2545; x_wconf 87' lang='lat' dir='ltr'>Oros.</span> <span class='ocrx_word' id='word_1_313' title='bbox 823 2522 864 2553; x_wconf 83' lang='lat'>4,</span> <span class='ocrx_word' id='word_1_314' title='bbox 883 2511 918 2545; x_wconf 72' lang='lat'>8.</span> <span class='ocrx_word' id='word_1_315' title='bbox 939 2511 1075 2546; x_wconf 83' lang='lat' dir='ltr'>Tubero</span> <span class='ocrx_word' id='word_1_316' title='bbox 1090 2523 1143 2553; x_wconf 74' lang='lat' dir='ltr'>ap.</span> <span class='ocrx_word' id='word_1_317' title='bbox 1169 2511 1277 2554; x_wconf 79' lang='lat' dir='ltr'>Agell.</span> <span class='ocrx_word' id='word_1_318' title='bbox 1295 2510 1336 2551; x_wconf 75' lang='lat'>6,</span> <span class='ocrx_word' id='word_1_319' title='bbox 1358 2520 1390 2552; x_wconf 81' lang='lat'>3.</span> 
     </span>
    </p>
   </div>
   <div class='ocr_carea' id='block_1_4' title="bbox 177 2564 1127 2624">
    <p class='ocr_par' dir='ltr' id='par_1_6' title="bbox 177 2564 1127 2624">
     <span class='ocr_line' id='line_1_38' title="bbox 177 2564 1127 2624; baseline 0.001 -15"><span class='ocrx_word' id='word_1_320' title='bbox 177 2564 226 2611; x_wconf 83' lang='lat' dir='ltr'>T.</span> <span class='ocrx_word' id='word_1_321' title='bbox 243 2566 334 2610; x_wconf 76' lang='lat' dir='ltr'><em>Liv.</em></span> <span class='ocrx_word' id='word_1_322' title='bbox 357 2568 454 2612; x_wconf 74' lang='lat' dir='ltr'><em>Vol.</em></span> <span class='ocrx_word' id='word_1_323' title='bbox 474 2567 561 2610; x_wconf 76' lang='grc' dir='ltr'>ιιι.</span> <span class='ocrx_word' id='word_1_324' title='bbox 1080 2565 1127 2624; x_wconf 85' lang='lat' dir='ltr'><strong>Q</strong></span> 
     </span>
    </p>
   </div>
  </div>
 </body>
</html>
