1701 3008
307 195 911 245 HISTORIARUM
948 195 1083 241 LIB.
1116 194 1180 241 X.
1340 208 1399 258 45

117 305 335 355 incassum
362 305 522 368 jactare
541 305 638 352 tela.
674 317 856 366 torpere
882 302 1066 367 quidam
1082 338 1096 361 ‚
1118 305 1168 350 &
1186 318 1268 351 nec
1294 319 1409 367 pug-

121 398 193 428 nae
213 380 486 438 meminisse,
509 396 591 427 nec
619 377 752 441 fugae.
788 380 847 423 At
871 394 926 422 ex
947 388 1070 439 parte
1090 375 1224 423 altera
1249 377 1408 439 ponti-

121 451 199 500 fex
230 455 416 513 Livius,
448 453 520 501 cui
555 452 733 498 lictores
769 449 941 495 Decius
977 448 1246 506 tradiderat,
1277 448 1412 511 juffe-

123 540 283 592 ratque
318 538 647 591 propraetorem
685 522 800 578 effe,
827 520 1104 579 vociferari,
1137 520 1280 585 Viczffz
1315 524 1411 567 Ro·-

125 619 301 660 manos,
330 600 544 660 dqfunffos
572 598 755 656 confidis
780 595 895 652 fato.
944 595 1096 639 Gallos
1127 597 1411 654 Samnitesque

129 677 307 719 Telluris
336 677 485 718 matris
517 688 567 716 ac
596 673 785 715 Deorum
817 670 1016 713 Manium
1049 665 1133 730 effi.
1167 670 1324 727 Rapere
1356 671 1416 712 ad

118 748 169 809 fi
205 766 254 793 ac
285 765 430 793 vocare
461 747 643 791 Decium
677 746 867 789 devotam
893 743 1034 802 fecum
1074 742 1202 786 aciem
1218 759 1238 796 ;
1265 741 1431 799 furia--

128 840 294 882 rumque
319 840 369 867 ac
388 820 643 879 fbrmidinis
665 821 791 879 plena
819 819 962 861 onmia
987 818 1048 860 ad
1069 817 1197 882 hostes
1225 813 1306 877 effe.
1334 815 1417 859 Su·

129 895 407 960 perveniunt
426 894 585 941 deinde
602 893 669 939 his
689 890 1022 938 restituentibus
1041 906 1234 953 pugnam
1250 891 1297 936 L.
1315 891 1422 935 Cor-

134 969 280 1016 nelius
307 968 461 1029 Scipio
493 969 541 1010 &
565 968 617 1010 C.
642 963 838 1007 Marcius
854 997 867 1019 ‚
890 980 993 1009 cum
1028 963 1227 1009 subfidiis
1255 978 1311 1007 ex
1335 978 1421 1007 no-

138 1042 314 1089 viffima
344 1039 437 1086 acie
470 1036 586 1099 juffu
617 1036 678 1095 Q.
707 1033 830 1080 Fabii
863 1032 1057 1079 consulis
1088 1034 1143 1079 ad
1172 1033 1422 1096 praefidium

98 1134 100 1140 ’
135 1114 324 1178 collegae
345 1113 472 1160 miffi.
506 1111 568 1158 ibi
593 1109 771 1157 auditur
797 1109 844 1155 Ρ.
866 1107 1001 1154 Decii
1023 1119 1212 1155 eventus
1229 1143 1242 1166 ‚
1268 1107 1424 1170 ingens

137 1186 377 1233 hortamen
407 1185 462 1232 ad
483 1184 637 1231 omnia
663 1200 749 1247 pro
767 1182 996 1245 republica
1022 1181 1238 1228 audenda.
1271 1182 1427 1244 Itaque
1459 1238 1462 1242 .

140 1277 248 1309 cum
282 1258 404 1306 Galli
432 1257 602 1304 struffis
630 1270 733 1304 ante
769 1256 812 1302 se
843 1255 977 1302 scutis
1007 1254 1203 1302 conferti
1230 1254 1392 1301 starent
1412 1288 1427 1311 ‚

140 1352 226 1383 nec
256 1332 399 1380 facilis
431 1331 542 1395 pede
572 1330 743 1378 collato
771 1328 1002 1376 videretur
1031 1345 1206 1392 pugna;
1231 1327 1344 1391 juffu
1369 1327 1430 1373 le-

142 1420 351 1473 gatorum
381 1404 569 1452 collecta
601 1402 727 1450 humi
758 1402 874 1464 pila,
896 1417 997 1465 quae
1026 1400 1154 1447 strata
1185 1400 1301 1447 inter
1327 1399 1433 1446 duas

146 1480 263 1528 acies
295 1477 528 1542 jacebant,
560 1488 694 1538 atque
728 1474 775 1520 in
803 1473 1069 1520 testudinem
1097 1472 1293 1518 hostium
1322 1487 1433 1518 con-

146 1552 272 1618 jecta.
333 1549 495 1614 quibus
525 1547 743 1612 plerisque
779 1546 827 1592 in
860 1544 1010 1602 scuta,
1045 1544 1216 1592 verutis
1250 1544 1296 1589 in
1330 1559 1437 1590 cor-

147 1642 263 1691 pora
287 1623 376 1688 ipsa
400 1621 531 1679 fixis,
554 1619 762 1667 sternitur
791 1634 989 1673 cuneus;
1010 1618 1069 1664 ita
1088 1628 1136 1663 ut
1156 1633 1316 1680 magna
1339 1632 1439 1678 pars

147 1699 334 1762 integris
369 1694 642 1758 corporibus
681 1691 861 1757 attpniti
900 1690 1207 1737 conciderent.
1260 1688 1354 1734 haec
1394 1687 1440 1732 in

155 1772 332 1820 finistro
363 1785 509 1817 cornu
528 1768 843 1813 Romanorum
863 1763 1046 1810 fortuna
1065 1762 1334 1809 variaverat.
1364 1763 1444 1806 Fa-

158 1845 259 1892 bius
287 1842 334 1889 in
362 1842 522 1888 dextro
544 1876 556 1898 ‚
578 1838 726 1902 primo
750 1837 839 1898 (ut
865 1847 966 1882 ante
990 1834 1154 1880 dictum
1185 1831 1281 1896 est)
1302 1849 1444 1878 cunc-

152 1915 300 1963 ,tando
320 1924 571 1960 extraxerat
592 1910 710 1956 diem
734 1927 744 1955 :
772 1907 955 1962 deinde,
987 1904 1224 1967 postquam
1247 1920 1330 1950 nec
1357 1902 1445 1949 cla-

160 2004 264 2036 mor
297 1984 525 2042 hostium,
557 2000 639 2030 nec
673 1982 866 2044 impetus
886 2015 900 2035 ‚
929 1994 1012 2023 nec
1044 1976 1130 2022 tela
1164 1974 1314 2031 mista,
1338 1990 1447 2019 ean-

159 2063 262 2109 dem
290 2060 387 2107 vim
420 2058 581 2104 habere
604 2056 724 2113 visa3
752 2052 969 2117 praefectis
1003 2050 1206 2114 equitum
1238 2046 1357 2109 juffis
1390 2045 1447 2092 ad

162 2139 278 2184 latus
312 2132 578 2181 Samnitium
611 2130 943 2179 circumducere
980 2126 1068 2171 alas
1091 2160 1104 2182 ,
1138 2134 1185 2169 ut
1216 2121 1342 2184 signo
1372 2120 1448 2166 da-

157 2224 209 2258 to
243 2210 287 2255 in
317 2205 627 2263 transversos,
659 2217 829 2267 quanto
866 2199 1063 2248 maximo
1095 2195 1270 2259 poffent
1304 2194 1445 2255 impe-

159 2295 238 2340 tu,
268 2281 577 2334 incurrerent3
617 2276 772 2323 sensim
803 2273 906 2320 suos
942 2271 1064 2335 figna
1097 2267 1262 2315 inferre
1297 2265 1444 2327 jussu,

162 2355 213 2400 &
255 2368 549 2400 commovere
581 2349 767 2396 hostem.
810 2346 1050 2409 Postquam
1082 2358 1178 2390 non
1204 2340 1338 2387 refisti
1371 2338 1445 2384 vi·

162 2427 253 2480 dit,
278 2428 328 2473 &
353 2426 468 2471 haud
499 2425 678 2472 dubiam
710 2420 1006 2468 laffitudinem
1036 2416 1153 2469 effe3
1189 2427 1283 2462 tum
1306 2447 1318 2468 ,
1351 2410 1452 2457 col-

166 2496 288 2548 leuis
324 2499 536 2553 omnibus
565 2495 766 2548 subsidiis
785 2531 800 2555 ‚
827 2511 927 2559 quae
955 2492 1010 2539 ad
1039 2491 1086 2539 id
1114 2502 1286 2552 tempus
1316 2483 1454 2532 reses·
