1701 3008
274 233 353 279 IN
391 231 556 278 LOC.
602 230 738 276 LIB.
778 228 990 275 XVIII
1027 228 1161 273 LIV.
1299 226 1391 288 267

106 344 290 391 praeterea
327 337 463 390 Reguli
500 337 671 385 Mareia,
699 333 1044 384 communibusque
1076 332 1231 381 liberis,
1263 331 1394 371 onmia

106 403 201 446 fletu
227 401 460 453 planctuque
488 396 797 449 complentibus,
825 397 955 436 dixere
981 393 1177 443 consules,
1195 408 1302 446 neque
1320 408 1395 431 max-

107 477 241 504 nentem
265 465 442 503 dedituros
465 461 553 514 effi3
577 476 685 513 neque
713 461 940 524 discedentem
969 469 1173 495 moraturos.

163 534 282 575 LXV.
310 534 372 574 Sic
399 531 488 581 ille,
511 530 679 571 recusato
713 530 826 569 etiam
856 528 1032 576 conjugis
1063 524 1257 576 colloquio
1274 555 1286 571 ‚
1311 536 1395 576 par-

109 608 324 648 vorumque
355 594 523 635 filiorum
549 592 756 643 complexu
786 589 998 640 osculisque
1022 589 1171 635 vitatis,
1196 585 1396 636 Carthagi-

109 670 200 697 nem
223 659 416 706 revectus,
438 654 678 712 atrocissimis
695 652 888 704 suppliciis
913 659 1094 691 vexatum
1121 661 1258 700 corpus
1279 640 1398 686 exuit.

111 720 306 771 Palpebris
337 713 440 758 enim
477 718 626 763 resectis
650 715 886 766 aliquamdiu
912 715 950 752 in
972 713 1060 753 loeo
1091 712 1204 763 plane
1225 709 1398 750 tenebri-

112 783 202 836 coso
231 782 477 823 habuerunt:
515 780 654 820 deinde
685 791 775 818 cum
808 776 862 816 sol
889 776 981 816 effet
1005 774 1310 820 ardentisslmus,
1334 784 1399 810 re-

110 853 232 896 pente
253 844 438 883 eductum
456 841 594 880 intueri
618 839 761 881 coelum
782 845 1003 890 coegerunt.
1031 837 1220 888 postremo
1245 835 1400 881 conjec-

113 913 198 943 tum
224 903 263 942 in
291 916 416 942 arcam
453 901 644 952 ligneam,
675 913 788 951 quam
816 900 864 938 ad
887 898 1005 938 solem
1031 897 1296 942 obverterant,
1323 893 1400 931 cla.

112 965 169 1005 vis
185 963 388 1004 introrsum
403 962 514 1002 versis
528 961 750 1001 horrentem
761 990 774 1007 ‚
789 968 903 1010 atque
919 960 973 999 ita
996 959 1194 1010 angustam
1205 989 1217 1005 ,
1234 965 1277 997 ut
1292 969 1400 996 erec-

114 1033 176 1066 tus
199 1034 384 1077 perpetuo
410 1036 564 1062 manere
589 1031 815 1073 cogeretur,
847 1021 938 1060 dum
962 1019 1099 1060 fessum
1125 1032 1260 1070 corpus
1276 1050 1285 1066 ,
1308 1029 1400 1069 quo-
1422 1036 1426 1039 -

117 1100 272 1137 cunque
303 1085 528 1133 inclinaret,
551 1084 680 1123 ferreis
708 1081 867 1122 stimulis
896 1081 1143 1132 confoditur,
1163 1080 1331 1119 cruciatu
1364 1081 1401 1118 &-

119 1149 261 1199 vigiliis
286 1148 574 1186 interemerunt.
607 1146 684 1185 Hic
700 1145 758 1185 M.
777 1143 881 1184 Atilii
899 1141 1035 1193 Reguli
1057 1141 1132 1180 fuit
1147 1140 1271 1180 exitus
1287 1170 1298 1188 ,
1322 1139 1401 1188 ipsa

120 1224 277 1263 quoque
302 1210 401 1259 vita,
421 1209 515 1248 licet
537 1208 744 1247 maximam
771 1217 839 1256 per
863 1203 1023 1255 gloriam
1050 1202 1116 1241 diu
1139 1203 1221 1241 aaa
1236 1232 1248 1249 ,
1266 1201 1403 1239 clarior
1436 1234 1442 1240 .

122 1275 159 1313 δε
186 1271 373 1312 illustrior.
413 1271 502 1310 Fuit
521 1269 576 1309 vir
601 1267 773 1308 moribus
805 1265 1083 1317 integerrimiS,
1111 1263 1239 1303 animo
1266 1262 1404 1301 infrac-

122 1343 208 1383 tus;
233 1332 389 1374 confilio
410 1345 488 1371 non
515 1330 772 1382 spernendu83
797 1330 838 1368 in
863 1340 938 1379 quo
962 1326 1059 1365 nihil
1081 1324 1256 1365 accusare
1280 1337 1404 1374 neque

121 1396 187 1436 sua
214 1394 341 1445 neque?
364 1393 559 1444 sequentia
590 1401 765 1441 tempora
795 1397 1028 1441 potuerunt,
1056 1387 1124 1425 nisi
1153 1387 1256 1436 quod
1284 1385 1406 1424 fortu-

124 1472 214 1498 nam
239 1457 447 1496 secundam
470 1455 657 1495 infirmius
678 1452 800 1492 tuliffe
815 1451 914 1492 visus
931 1451 1002 1497 est,
1024 1448 1302 1500 repudiatisque
1324 1449 1406 1487 Poe-

125 1534 265 1562 norum
293 1519 470 1572 precibus
499 1517 609 1557 causa
638 1517 769 1565 fuisse,
794 1528 861 1554 cur
878 1514 1007 1554 multis
1032 1513 1172 1552 deinde
1192 1511 1303 1551 annis
1328 1508 1407 1550 bel-

126 1584 208 1624 lum
232 1590 427 1630 maneret,
448 1580 595 1631 ingenti
617 1591 706 1618 cum
730 1577 893 1617 civitatis
917 1573 1111 1624 utriusque
1135 1572 1377 1612 detrimenta

182 1651 319 1692 LXVI.
351 1651 538 1691 Ceterum
560 1649 617 1690 M.
639 1648 810 1700 Regulus
836 1655 1040 1699 peccatum
1066 1643 1164 1683 istud
1189 1642 1271 1682 aliis
1292 1642 1410 1681 virtu-

126 1716 255 1763 tibus,
280 1715 344 1754 sed
371 1714 536 1754 maxime
558 1713 692 1752 mortis
724 1709 938 1751 admirabili
973 1707 1183 1748 constantia
1199 1737 1210 1754 ,
1235 1705 1405 1753 delevit3

129 1776 346 1817 calamitate
373 1776 421 1815 sle
453 1774 596 1827 perlata
630 1773 883 1821 fortunatior,
907 1784 1020 1822 quam
1051 1770 1073 1809 s1
1107 1770 1249 1809 evitare
1279 1768 1410 1806 immi-

129 1848 285 1880 nentem
316 1838 506 1890 potuisset.
560 1837 701 1878 Audito
730 1836 806 1875 fine
832 1834 993 1885 Reguli,
1024 1835 1059 1873 ὅ(
1091 1832 1249 1872 barbara
1273 1831 1412 1870 Poeno-

130 1917 216 1943 rum
243 1904 424 1950 feritate,
456 1904 616 1943 Senatus
644 1899 893 1940 nobiliffimos
921 1897 1159 1948 captivorum
1186 1894 1340 1936 Marcia:
1367 1892 1412 1932 li-

133 1965 306 2017 berisque
333 1965 494 2004 dedidit.
524 1978 618 2015 quos
646 1963 701 2002 illi
727 1960 926 2002 conclusos
954 1962 992 1998 in
1019 1958 1182 1997 armario
1203 1955 1413 1996 muricibus

133 2030 316 2081 praefixo,
342 2028 424 2079 pari
455 2040 498 2067 ac
532 2026 704 2079 Regulus
741 2025 933 2064 interierat
972 2021 1159 2073 supplicio
1196 2020 1414 2060 excruciare

134 2091 437 2138 constituerunt,
464 2088 652 2128 alimentis
677 2089 791 2127 etiam
815 2100 880 2138 per
907 2086 988 2124 dies
1014 2084 1218 2122 continuos
1245 2081 1414 2132 quinque

136 2167 215 2194 non
241 2153 421 2204 praebitis.
442 2153 539 2190 intra
556 2152 660 2202 quod
680 2159 832 2200 tempus
859 2148 986 2189 Bostar
1009 2147 1148 2186 Poenus
1173 2156 1337 2183 moerore
1356 2143 1415 2181 fa-

136 2228 274 2266 meque
297 2215 480 2254 extabuit.
518 2213 713 2254 Hamilcar
743 2225 830 2251 vero
855 2210 1020 2256 firmior,
1041 2208 1157 2246 etiam
1184 2205 1276 2246 alios
1309 2204 1416 2255 quin-

140 2291 213 2329 que
242 2278 321 2317 dies
348 2290 437 2316 cum
463 2277 645 2316 cadavere
672 2275 829 2315 Bostaris
857 2271 1050 2318 inclusus,
1075 2270 1241 2320 ciboque
1263 2278 1416 2308 tantum

138 2340 187 2386 ad
214 2340 332 2379 vitam
362 2352 451 2379 cum
477 2338 622 2378 miseria
649 2336 929 2389 prorogandam
961 2334 1051 2374 dato
1077 2332 1228 2372 duravit
1250 2345 1259 2372 2
1291 2330 1416 2371 donet,

187 2464 208 2506 §
236 2463 355 2496 LXIV.
380 2464 482 2497 Silius
505 2466 526 2497 l.
553 2464 583 2497 6.
610 2464 732 2496 Zonar.
753 2463 820 2496 Dio
844 2475 896 2506 ap.
917 2462 993 2495 Urs.
1013 2462 1132 2494 Horat.
1153 2473 1217 2492 car.
1242 2469 1256 2498 ζ
1273 2484 1281 2496 ,
1303 2468 1328 2496 5-
1354 2456 1419 2497 ΑΡ*

143 2509 236 2552 plan.
256 2508 373 2540 Punic.
395 2509 416 2550 §
435 2508 536 2540 LXV.
555 2509 631 2541 Val.
651 2509 742 2540 Max.
764 2518 794 2550 3,
816 2519 842 2540 1.
858 2508 994 2540 Tubero
1013 2519 1065 2547 ap.
1083 2505 1192 2548 Agell.
1215 2508 1254 2541 l),
1271 2515 1301 2540 ⁴⁹⁷-
1322 2502 1419 2531 [unct.

142 2554 184 2588 de
206 2554 279 2589 Vir.
303 2554 353 2588 ill.
379 2565 408 2587 c.
430 2553 484 2596 46.
506 2553 592 2598 Aug.
615 2553 655 2587 de
677 2554 747 2586 civ.
768 2552 832 2586 Dei
859 2563 896 2594 1,
923 2562 973 2593 ις.
1001 2551 1074 2583 Cic.
1101 2550 1140 2583 de
1164 2547 1224 2581 off.
1249 2558 1264 2590 3
1288 2573 1294 2582 .
1322 2555 1376 2576 27-
