1701 3008
258 210 333 258 m
379 208 927 258 LOC.L1B.X1X
974 209 1117 254 LIV.
1285 223 1374 269 302

89 318 194 365 fitate
227 317 273 358 ad
310 317 614 368 desperationem
655 317 755 363 acti,
791 314 971 354 miserunt
1002 315 1050 354 ad
1089 313 1379 364 Hamilcarem,

89 382 317 434 potestatem
339 381 373 419 ei
408 380 622 419 deferentes
644 380 808 431 agendi,
835 378 1020 428 quidquid
1044 391 1064 418 e
1090 377 1302 429 Republica
1328 379 1382 417 vi-

91 445 255 483 deretur.
290 442 425 491 Neque
452 441 556 491 ipse,
581 455 668 481 cum
699 441 884 481 haetenus
911 441 1052 490 optimi
1076 441 1186 480 ducis
1209 442 1381 481 officium

90 504 264 551 feciliter,
290 503 521 542 deteriorem
557 505 684 553 patriae
708 505 833 542 civem
863 502 1042 553 praestitit.
1083 502 1246 542 Libratis
1276 505 1382 542 enim

91 565 300 606 rationibus
326 563 506 603 omnibus
525 576 616 603 cum
635 565 807 612 videret,
836 564 967 603 omnia
999 563 1036 602 se
1066 574 1267 614 expertum
1296 565 1379 605 nul-

91 627 168 667 lam
199 625 363 676 amplius
398 625 446 664 ad
475 624 637 665 salutem
670 626 834 665 civitatis
868 625 940 665 suae
965 625 1094 672 viam,
1125 625 1192 664 nifi
1219 640 1286 676 per
1309 640 1383 678 pa-

92 703 176 730 cem
195 721 206 738 ,
229 690 418 740 reperire;
450 687 593 742 legatos
617 701 660 727 ea
690 688 737 727 de
760 701 799 727 re
817 688 865 727 ad
884 686 1080 727 consulem
1099 689 1206 728 mifit.
1245 691 1383 741 Neque

94 752 186 793 huic
216 754 362 803 ingrata
385 752 527 791 accidit
558 751 661 802 pacis
687 751 833 789 mentio
856 763 864 789 :
890 758 1055 789 exeunte
1080 750 1182 790 enim
1202 753 1282 800 jam
1307 766 1385 792 ma-

94 814 244 865 gistratu
262 812 355 861 suo,
369 811 513 851 nullam
532 810 759 861 ampliorem
777 809 924 860 sperare
946 808 1128 858 gloriam,
1146 824 1261 860 quam
1281 811 1381 851 finiti

93 890 162 928 per
191 876 228 915 se
255 874 345 915 belli
370 875 503 926 quavis
535 875 682 913 ratione
707 880 880 924 poterat:
914 884 998 911 eam
1020 885 1110 911 vero
1145 873 1306 922 gloriam
1335 875 1385 913 ad

95 937 348 977 successorem
378 936 661 984 transmittere,
693 948 781 974 cum
815 934 870 974 sui
901 934 1026 984 operis
1062 934 1136 973 effe
1168 935 1386 985 videretur,

96 1001 364 1051 importunum
393 997 732 1047 inconsultumque
760 995 970 1046 judicabat.
1009 995 1243 1035 Movebatur
1269 998 1386 1037 etiam

96 1062 198 1102 notis
229 1061 413 1102 Romanae
438 1060 491 1098 rei
519 1059 723 1110 angustiis,
752 1060 786 1097 Sc
810 1057 892 1108 post
920 1056 1068 1096 labores
1097 1059 1302 1097 continuos
1328 1069 1386 1098 tot

97 1136 290 1163 annorum
311 1121 521 1173 aliquando
548 1119 843 1172 Rempublicam
869 1120 999 1170 quiete
1025 1120 1185 1160 refoveri
1211 1132 1387 1172 oportere

94 1184 296 1225 sentiebat.

152 1247 236 1287 LX.
272 1246 404 1297 Itaque
427 1244 719 1287 condit-ionibus
745 1244 848 1284 ultro
880 1242 1054 1293 citroque
1082 1245 1256 1293 jactatis,
1287 1257 1386 1284 con-

99 1310 204 1349 venit
219 1339 232 1356 ‚
259 1323 297 1347 ut
327 1310 493 1363 universa
522 1309 657 1349 Sicilia
678 1308 780 1347 Poeni
800 1309 1026 1347 excederent:
1055 1307 1178 1345 bellum
1198 1321 1273 1345 cum
1298 1308 1391 1345 Hie-

98 1387 206 1420 rone,
250 1371 548 1425 Syracufhniffiue
581 1372 616 1412 ἃ
640 1371 753 1424 sociis
791 1385 904 1409 eorum
940 1385 981 1408 ne
1015 1381 1196 1423 gererent:
1228 1371 1389 1423 captivos

96 1450 214 1475 omnes
224 1436 301 1487 fine
322 1434 435 1488 pretio
462 1433 635 1487 confestim
667 1434 865 1480 redderent,
888 1432 1032 1484 itemque
1058 1429 1298 1484 transfitgas:
1327 1445 1389 1469 ar-

96 1498 193 1552 genti
219 1497 302 1551 puri
327 1497 462 1536 talenta
489 1496 650 1538 Euboica
671 1496 727 1533 bis
750 1494 845 1533 mille
871 1493 905 1531 δ’
932 1495 1081 1533 ducenta
1100 1508 1165 1546 per
1185 1507 1301 1531 annos
1331 1493 1391 1531 νὶ-

95 1561 192 1615 ginti
223 1560 331 1613 arquis
356 1560 582 1614 pensionibus
607 1559 830 1612 penderent:
853 1556 944 1611 socii
980 1555 1156 1608 utriufiJue
1180 1554 1309 1608 populi
1347 1555 1392 1592 ab

97 1637 240 1677 utroque
267 1625 334 1662 tuci
351 1624 502 1677 fhrent:
534 1623 647 1661 neutri
673 1622 712 1659 in
739 1621 884 1659 alterius
919 1620 1051 1658 ditione
1071 1619 1258 1672 quidquam
1282 1619 1395 1671 impe-

101 1688 201 1726 randi
213 1687 395 1739 publiceve
419 1685 678 1737 inaedificandi‚
696 1681 860 1734 militisve
875 1682 952 1719 inde
973 1680 1186 1719 conducendi
1201 1678 1268 1733 jus
1292 1680 1394 1732 effi‘t:

99 1764 205 1803 neque
225 1749 370 1787 alterius
387 1748 513 1801 populi
532 1747 652 1801 socios
678 1745 768 1793 alter
782 1745 820 1782 in
843 1744 1033 1782 amicitiam
1057 1743 1092 1782 G·
1109 1742 1311 1796 fhcietatem
1332 1743 1395 1781 ad-

102 1813 260 1851 mitteret.
289 1809 474 1850 Additum
493 1808 570 1856 est,
595 1810 664 1847 haec
687 1807 740 1845 ita
765 1817 844 1844 rata
859 1804 939 1858 fore
954 1836 964 1853 ,
980 1806 1018 1856 fi
1031 1804 1186 1858 populus
1212 1807 1395 1844 Romanus

93 1874 250 1929 juffiffit.
283 1875 330 1913 At
341 1904 352 1921 ‚
367 1882 410 1912 ut
425 1886 545 1921 arma,
562 1872 626 1923 qui
642 1871 802 1922 Erycem
818 1868 1028 1918 tenebant,
1045 1868 1261 1916 traderent,
1279 1881 1396 1918 quan-

103 1949 218 1986 quam
236 1948 255 1974 a
273 1934 429 1974 consule
448 1933 682 1985 postulatum
699 1932 840 1980 fuerat,
858 1929 1021 1970 obtineri
1039 1942 1118 1968 non
1133 1929 1260 1979 potuit
1277 1942 1285 1968 :
1307 1941 1395 1967 cum

105 1997 303 2039 Hamilcar
314 1999 417 2051 prius
432 1997 467 2035 6³
478 1999 634 2051 patriam
657 1998 693 2036 δ’
712 1998 751 2049 se
767 1994 960 2034 oblaturum
983 1993 1091 2031 exitio
1113 1993 1256 2031 diceret
1267 2022 1278 2040 ‚
1295 2007 1398 2044 quam

104 2072 245 2099 tantam
268 2060 379 2098 adiret
407 2059 649 2111 ignominiam.
679 2057 790 2098 Illam
819 2064 950 2095 tamen
978 2053 1245 2093 conditionem
1263 2084 1273 2101 ,
1298 2066 1336 2092 ut
1362 2055 1400 2091 in

106 2122 228 2173 capita
265 2120 509 2159 duodevicenis
545 2119 701 2159 denariis
731 2118 919 2174 praestitis,
948 2118 991 2156 ab
1020 2117 1138 2169 Eryce
1169 2115 1398 2163 emitteretur,

107 2191 271 2233 accep1t.

162 2246 264 2286 LXI.
295 2245 399 2286 Miffi
429 2245 571 2284 deinde
595 2245 761 2284 Romam
787 2246 822 2284 ἃ
847 2257 868 2282 a
895 2241 1052 2282 consule
1080 2245 1114 2282 ἃ
1139 2256 1160 2281 a
1190 2242 1316 2282 Poenis
1341 2241 1400 2281 le-

111 2308 186 2358 gati
204 2338 215 2356 ‚
231 2309 295 2358 qui
319 2308 366 2347 de
382 2307 488 2358 pacis
511 2308 613 2346 initae
643 2306 794 2357 legibus
823 2307 1005 2346 Senatum
1032 2303 1296 2355 populumque
1330 2304 1403 2344 Ro-

110 2382 267 2411 manum
294 2371 515 2411 edocerent.
549 2370 641 2411 Non
662 2369 841 2421 probavit
870 2381 1005 2420 pacem
1029 2367 1220 2418 populus:
1257 2366 1320 2405 sed
1348 2370 1403 2404 dc-

159 2497 179 2537 ss
205 2495 291 2527 mx.
317 2496 433 2539 Nepos
450 2497 592 2530 Hamilc-
623 2510 658 2539 1,
683 2507 713 2540 3.
740 2494 857 2539 Polyb.
883 2495 1006 2529 zonat.
1033 2495 1054 2539 §
1084 2493 1155 2526 LX·
1180 2491 1324 2534 Appiam.
1347 2502 1398 2532 ιιΡ·

111 2537 188 2575 Urs.
215 2541 333 2586 Polyb.
365 2541 440 2576 Liv.
465 2553 508 2582 2,
535 2553 590 2582 41.
