1701 3008
199 218 282 266 IN
332 215 716 264 LOC.L1B.
756 212 939 261 XVII
993 211 1132 258 LIV.
1253 227 1342 275 223

48 328 238 367 summam
264 323 493 377 pondusque
519 323 690 374 pecuniae
713 329 835 372 captae
859 318 1088 370 complexa,
1109 317 1237 358 adhuc
1262 319 1346 357 visi..

51 399 115 429 tur
131 420 142 438 ‚
169 377 236 429 {⁰ed
260 382 406 428 extritis
431 386 617 426 vetustate
644 384 843 425 vocabulis
872 383 1047 435 pluribus
1071 397 1081 424 ε
1112 382 1191 422 auri
1215 390 1348 422 tamen

51 463 234 491 nummos
271 458 401 501 captos
428 448 502 487 effe
530 457 586 486 ter
616 446 722 486 mille
751 445 1043 497 septingentos,
1076 453 1347 495 argenteorum

52 514 164 566 supra
182 523 340 553 centum
365 512 485 552 millia
499 542 510 560 ,
541 511 623 550 aeris
648 511 771 562 gravis
787 510 908 549 vicies
929 508 1068 560 septies
1084 520 1244 548 centena
1265 508 1349 548 mil-

54 577 106 616 lia
135 577 269 628 pondo
285 608 295 624 ,
319 575 410 615 satis
436 573 668 626 agnoscitur.
699 572 920 624 Triumpho
940 575 1096 624 peraeto
1122 573 1277 612 comitia
1303 573 1346 613 C.

54 640 205 681 Duilius
221 639 380 689 habuit,
402 639 444 679 L.
469 638 668 678 Cornelius
690 638 730 679 L.
747 637 788 678 F.
811 638 881 677 Cn.
897 638 947 677 N.
973 638 1102 687 Scipio
1117 668 1128 686 ‚
1151 638 1194 677 C.
1215 636 1349 687 Aquil-

54 704 128 743 lius
145 704 198 744 M.
216 703 256 743 F.
274 703 317 742 C.
335 703 382 743 N.
410 701 545 741 Florus
568 699 742 740 consules
758 699 862 740 facii.
892 700 1108 740 Provincias
1131 700 1349 740 consulares

56 768 221 807 Senatus
250 765 421 804 decrevit
449 761 646 810 Siciliam,
668 763 703 801 δι
732 760 896 800 classem.
938 761 1008 800 Cui
1034 761 1155 801 clallis
1178 761 1352 801 obvenis-

26 826 136 876 'set,
169 828 205 866 ei
234 827 273 864 in
303 825 519 864 Sardiniam
551 826 586 863 ἃ
621 823 811 863 Corsicam
846 823 1095 872 transjicere,
1120 824 1145 863 fi
1184 837 1205 863 e
1241 837 1353 874 repu-

57 889 158 929 blica
185 889 400 937 videretur‚
424 886 661 938 permiffum.
705 887 800 925 Haec
832 885 912 924 sors
953 885 1022 925 Cn.
1052 885 1231 925 Cornelio
1262 898 1352 926 cum

57 951 267 1000 evenisset,
295 951 474 990 instructa
501 948 616 988 claffe
644 946 840 1000 profectus
865 947 927 986 est.

117 1014 230 1055 XIII.
256 1015 350 1055 Haec
367 1015 494 1065 prima
513 1013 780 1053 Romanorum
801 1013 841 1051 in
860 1012 1077 1053 Sardiniam
1102 1013 1137 1052 δε
1162 1012 1351 1052 Corsicam

55 1076 258 1128 expeditio
288 1076 375 1116 fuit.
409 1075 545 1116 Insulae
571 1074 661 1113 sunt
687 1073 781 1112 locis
799 1075 850 1113 ita
879 1075 1094 1123 conjunCtae
1111 1104 1122 1121 ‚
1146 1082 1190 1112 ut
1216 1074 1355 1115 eadem

61 1139 182 1178 videri
213 1137 381 1189 poslint:
409 1136 499 1176 coeli
523 1144 653 1175 tamen
678 1135 824 1186 solique
850 1142 1008 1182 natura,
1039 1136 1074 1174 ἃ
1102 1135 1208 1184 quod
1232 1134 1356 1186 sequi-

60 1205 143 1250 tur,
183 1200 386 1240 hominum
424 1200 606 1251 ingenio,
644 1198 808 1239 multum
842 1198 1020 1238 dissimili.
1058 1198 1357 1246 Sardinian1‚ut

58 1268 270 1317 imaginem
301 1265 458 1305 humani
497 1264 644 1316 vestigii
677 1265 933 1312 referentem,
965 1264 1150 1317 Ichnusam
1185 1271 1356 1312 veteres,

61 1331 234 1380 itemque
268 1329 496 1367 Sandaliotin
525 1327 716 1366 dixerunt.
745 1327 832 1364 Inde
861 1326 1010 1362 Sardum
1036 1323 1190 1362 Hercule
1223 1324 1358 1375 Libyco

59 1394 212 1446 genitum
239 1393 347 1442 ajunt
369 1390 599 1444 frequentata:
624 1390 669 1428 ab
691 1391 733 1443 se
755 1388 878 1442 insulae
903 1402 1023 1425 nomen
1039 1415 1050 1434 ,
1079 1401 1145 1438 quo
1169 1386 1271 1424 lzodie
1294 1401 1357 1425 no-

57 1456 190 1508 Jbitur,
206 1453 410 1506 impofiuffe.
441 1453 593 1493 Graecos
608 1453 728 1491 etiam
752 1451 800 1490 ad
823 1463 866 1489 ea
887 1448 973 1488 loca
997 1447 1138 1487 venisse
1165 1461 1254 1487 cum
1276 1446 1356 1487 Ari-

63 1518 153 1557 staeo
183 1516 323 1556 fabulis
352 1516 515 1567 antiquis
545 1516 792 1555 decantatum
823 1512 902 1561 est3
926 1513 1097 1562 itemque
1126 1511 1210 1562 post
1238 1510 1358 1550 Iliaca

65 1574 191 1628 bella,
217 1579 419 1628 Trojanos.
445 1579 562 1618 Terra
586 1590 712 1628 neque
740 1575 862 1627 spatio
888 1574 955 1614 soli
978 1575 1159 1614 maximis
1181 1572 1354 1622 ejusdem

66 1643 180 1683 maris
196 1642 405 1682 insularum
422 1674 433 1691 ‚
452 1644 582 1692 'neque
605 1640 776 1680 bonitate
797 1638 1032 1678 fertilissimis
1056 1637 1222 1676 multum
1239 1637 1356 1677 cedit.

65 1718 200 1757 parens
227 1705 372 1755 optima
391 1703 607 1755 pecudum,
632 1702 815 1742 frumenti
838 1702 975 1752 optimi
1004 1700 1250 1747 feraeiffima,
1281 1713 1359 1739 me-

65 1768 349 1818 tallorumque,
377 1766 443 1806 sed
472 1765 679 1817 praesertim
710 1765 884 1816 argenti,
919 1765 1037 1803 dives.
1086 1763 1196 1802 Coelo
1228 1770 1359 1801 tamen

64 1828 171 1867 haud
202 1840 309 1877 aeque
344 1827 481 1866 salubri
514 1827 657 1874 utitur,
688 1824 921 1875 laudemque
948 1823 1216 1863 foecunditatis
1254 1822 1359 1872 apud

68 1898 220 1929 exteros
245 1887 507 1939 pestilentioris
533 1889 627 1927 aeris
649 1888 807 1926 infamia
833 1886 1071 1936 corrumpit:
1101 1898 1169 1935 per
1193 1885 1360 1924 azstatcm

67 1951 171 1990 enim
203 1949 379 1989 morbosa
403 1949 477 1998 est,
508 1951 543 1989 Sc
575 1951 614 1988 in
639 1949 733 1988 locis
764 1946 1040 1994 fertilioribus,
1063 1947 1195 1998 magis.

123 2020 228 2062 XlV.
246 2018 415 2060 Herbam
440 2027 620 2070 praeterea
635 2020 814 2071 producit
834 2018 1074 2058 vehementis
1098 2017 1237 2056 veneni
1261 2018 1360 2068 apia-

68 2084 141 2124 stro
168 2081 420 2134 persimilem,
449 2095 532 2132 quae
555 2083 593 2121 in
626 2082 713 2123 cibo
740 2082 863 2122 sumta
891 2092 1061 2122 mentem
1091 2081 1251 2129 adimit,
1273 2093 1361 2119 ner-

69 2147 198 2199 visque
218 2146 405 2187 violenter
427 2146 599 2187 attractis
626 2146 729 2186 labia
757 2147 965 2196 distorquet
992 2145 1029 2183 in
1054 2144 1259 2183 ridentium
1281 2143 1358 2194 spe-

71 2209 198 2258 ciem3
239 2207 385 2247 exitiali
429 2207 570 2256 succo,
610 2208 675 2247 nisi
717 2209 799 2258 post
839 2207 1030 2246 vomitum
1066 2206 1126 2244 lac
1161 2214 1227 2244 aut
1263 2217 1358 2253 aqua

72 2270 191 2310 mulsa
207 2269 360 2321 copiose
387 2268 562 2310 bibatur-z
592 2270 645 2308 ita
672 2270 724 2308 vis
742 2269 844 2308 istius
866 2268 956 2307 mali
983 2267 1144 2318 praesens
1171 2264 1358 2310 (muitum

121 2404 142 2447 §
168 2403 241 2437 ΧΠ.
266 2403 374 2436 Tacit.
402 2413 442 2442 2,
472 2412 526 2445 49.
562 2400 696 2434 Colum
729 2399 1005 2444 Triumph.Cic.
1038 2398 1113 2430 (at.
1143 2409 1236 2439 c.1·3
1284 2395 1360 2427 liv.

79 2439 169 2492 spir.
201 2457 250 2487 17.
274 2448 360 2481 Plin.
386 2457 425 2490 3,
446 2458 486 2487 4,
511 2457 540 2487 5.
561 2446 664 2479 Silius
692 2446 724 2477 in
744 2444 853 2478 finel.
884 2444 913 2476 6.
939 2444 1032 2487 l'igli.
1055 2443 1175 2474 Annal.
1211 2423 1235 2476 G
1267 2441 1358 2472 Xlll.

79 2495 155 2525 8311.
181 2492 320 2531 hist.2‚
347 2503 374 2524 1.
403 2491 488 2523 Plin.
522 2501 550 2532 3.
580 2490 729 2523 Silius!
761 2501 793 2523 2.
820 2490 900 2522 Sall.
925 2472 1040 2532 fragm
1067 2487 1206 2519 Pausan,
1236 2486 1359 2546 Aitna

76 2536 149 2569 hist.
181 2548 246 2577 22,
271 2535 331 2576 16,
352 2546 403 2577 34.
428 2534 494 2568 Sol.
519 2547 547 2568 c.
572 2545 623 2567 ιο
