1701 3008
278 199 370 264 393
655 189 1220 240 T1T1L1v11

275 303 531 368 Lilybaeum
548 297 680 345 firmo
701 305 872 343 teneret
888 292 1110 357 praefidio.
1132 290 1374 355 Extemplo
1395 291 1446 339 &
1468 289 1558 340 eir:

277 394 333 426 ca
361 385 597 438 praetorem
627 369 681 415 ad
715 367 919 428 civitates
955 365 1067 413 missi
1103 366 1237 429 legati
1263 364 1560 428 tribunique,

276 449 357 513 qui
371 447 471 494 suos
489 444 544 491 ad
557 459 710 490 curam
731 440 941 487 custodiae
955 438 1261 495 intenderent3
1282 451 1384 484 ante
1404 435 1559 484 omnia

279 520 535 583 Lilybaeum
551 514 696 563 teneri
714 533 725 562 :
754 515 807 561 ad
832 526 1092 578 apparatum
1108 512 1221 559 belli
1239 548 1254 571 ,
1287 511 1432 558 edicito
1453 525 1562 572 pro-

280 592 462 657 posito,
493 602 543 637 ut
567 589 678 636 socii
705 588 887 635 navales
913 588 1069 634 decem
1089 587 1261 634 dierum
1289 585 1415 633 coCta
1437 582 1562 630 ciba-

280 666 347 713 ria
366 663 420 709 ad
438 678 574 709 naves
603 660 854 715 deferrent3
884 659 962 706 ubi
988 659 1159 723 signum
1178 658 1328 704 datum
1355 656 1481 713 effet,
1506 671 1563 701 ne

281 736 385 800 quis
407 751 582 781 moram
607 730 937 781 conscendendi
969 731 1165 788 faceret;
1191 746 1361 794 perque
1379 744 1564 775 omnem

281 806 424 854 oram*
445 807 522 870 qui
557 817 707 862 erant,
747 822 805 851 ex
837 804 1025 867 speculis
1055 803 1362 867 prospicerent
1392 801 1565 847 adven-

282 893 452 928 tantem
485 879 681 925 hostium
709 878 895 925 classem.
935 877 1073 923 Simul
1107 877 1256 938 itaque
1279 875 1567 938 (quanquam

281 955 340 1000 (le
367 952 579 998 industria
608 951 771 998 morati
804 951 978 999 cursum
1012 951 1196 999 navium
1229 960 1352 996 erant
1376 946 1567 994 Cartha-

285 1022 536 1086 ginienses,
574 1034 623 1067 ut
658 1034 760 1067 ante
795 1021 942 1069 lucem
979 1021 1242 1068 accederent
1272 1017 1567 1082 Lilybaeum)

284 1093 556 1159 praesensum
588 1105 738 1139 tamen
772 1092 863 1151 est,
900 1093 1005 1156 quia
1031 1095 1080 1140 &
1115 1093 1219 1138 luna
1248 1107 1425 1155 pernox
1446 1101 1572 1145 erat,

289 1170 340 1215 δέ
360 1167 538 1214 sublatis
557 1165 838 1212 armamentis
853 1167 1118 1221 veniebant3
1135 1165 1365 1228 extemplo
1381 1164 1530 1210 datum
1544 1179 1570 1209 e

288 1239 479 1303 speculis
498 1239 667 1302 signum
680 1275 694 1297 ,
715 1241 764 1286 &
778 1238 825 1283 in
842 1239 1015 1301 oppido
1034 1239 1089 1285 ad
1102 1256 1223 1285 arma
1243 1237 1573 1285 conclamatum

287 1313 376 1372 est,
398 1314 447 1360 &
465 1312 512 1358 in
543 1328 682 1360 naves
710 1312 999 1359 conscensum
1021 1331 1031 1359 :
1060 1330 1161 1375 pars
1180 1313 1374 1360 militum
1404 1313 1450 1358 in
1471 1329 1574 1358 mu-

290 1387 352 1433 ris
386 1398 706 1449 portarumque
739 1387 786 1432 in
821 1386 1117 1446 stationibus,
1161 1404 1261 1450 pars
1295 1388 1342 1433 in
1379 1386 1576 1433 navibus

293 1474 436 1506 erant.
474 1461 531 1505 Et
556 1458 944 1523 Carthaginienses
957 1495 972 1517 ,
989 1459 1092 1522 quia
1112 1477 1204 1507 rem
1221 1460 1321 1507 fore
1339 1459 1457 1506 haud
1475 1476 1579 1507 cum

292 1533 522 1595 imparatis
556 1534 823 1592 cernebant,
853 1533 991 1597 usque
1020 1534 1074 1580 ad
1092 1534 1239 1582 lucem
1268 1545 1406 1597 portu
1438 1532 1479 1580 se
1499 1533 1579 1579 ab·

295 1607 549 1654 stinuerunt
561 1643 577 1665 ,
590 1608 816 1654 demendis
836 1609 1118 1656 armamentis
1132 1626 1188 1656 eo
1206 1624 1411 1671 tempore
1431 1619 1581 1670 aptan-

296 1683 441 1744 daque
472 1682 527 1727 ad
555 1699 747 1745 pugnam
776 1681 903 1728 clafl'e
936 1682 1155 1729 absumto.
1188 1681 1281 1729 Ubi
1300 1681 1476 1739 illuxit,
1511 1697 1580 1726 re-

299 1770 457 1816 cepere
487 1753 662 1800 claffem
694 1754 741 1801 in
773 1754 910 1801 altum
928 1790 942 1813 ,
961 1766 1010 1800 ut
1039 1754 1226 1817 spatium
1257 1770 1419 1816 pugnae
1443 1752 1579 1811 esset,

301 1827 566 1890 exitumque
606 1827 798 1876 liberum
829 1847 852 1876 e
884 1842 1022 1892 portu
1049 1820 1186 1877 naves
1214 1828 1409 1874 hostium
1443 1828 1582 1873 habe-

302 1912 415 1946 rent.
448 1902 546 1948 Nec
580 1902 777 1949 Romani
817 1903 1114 1950 detrefitavere
1144 1919 1369 1966 pugnam,
1397 1903 1447 1948 &
1484 1917 1582 1946 me-

301 1971 448 2017 moria
467 1972 583 2019 circa
601 1989 648 2019 ea
665 1973 754 2036 ipsa
772 1974 874 2021 loca
888 1974 1101 2038 gestarum
1115 1991 1262 2021 rerum
1281 1973 1410 2032 freti,
1428 1975 1479 2020 &
1499 1973 1581 2019 mi-

303 2044 432 2089 litum
452 2044 737 2091 multitudine
766 2062 817 2092 ac
835 2045 1018 2094 virtute.

368 2117 417 2160 L.
456 2116 547 2162 Ubi
583 2116 629 2162 in
663 2117 801 2164 altum
831 2118 974 2165 eveffi
1005 2117 1132 2173 sunt,
1168 2119 1400 2176 Romanus
1424 2118 1586 2166 conse*

305 2203 401 2233 rere
430 2206 620 2251 pugnam
639 2225 655 2247 ,
686 2192 736 2238 &
763 2207 818 2237 ex
838 2191 1099 2254 propinquo
1119 2192 1238 2239 vires
1259 2192 1464 2238 conferre
1488 2190 1587 2237 vel-

303 2259 373 2305 le:
403 2274 562 2307 contra
596 2261 775 2308 eludere
794 2264 988 2320 Poenus,
1015 2265 1065 2310 &
1097 2276 1219 2320 arte,
1255 2280 1351 2308 non
1377 2264 1454 2321 vi,
1489 2279 1585 2309 rem

307 2348 457 2394 gerere
471 2367 486 2389 ,
515 2333 789 2397 naviumque
806 2370 820 2391 ‚
852 2351 987 2398 quam
1004 2334 1208 2382 virorum
1234 2347 1308 2381 aut
1329 2351 1554 2382 armorum
1569 2370 1587 2392 ‚

308 2405 439 2466 malle
458 2417 679 2452 certamen
700 2405 857 2452 facere.
895 2425 998 2453 nam
1020 2420 1069 2453 ut
1096 2407 1228 2454 sociis
1251 2409 1485 2454 navalibus
1517 2407 1588 2454 af-

309 2475 434 2525 fatim
463 2478 718 2526 instruEtam
745 2479 945 2540 claffem,
986 2480 1045 2529 ita
1072 2482 1256 2545 inopem
1283 2481 1424 2528 milite
1456 2481 1593 2527 habe-
