1701 3008
218 187 302 234 IN
349 185 526 232 LOC.
572 185 709 233 LIB.
761 184 912 246 XIX
968 186 1121 242 LIV.
1275 188 1367 246 289·

75 292 246 332 clausum
287 293 536 344 reperissent,
557 305 605 332 ex
631 306 772 343 magno
804 293 976 345 periculo
1004 293 1164 334 salutem
1194 294 1260 334 fibi
1288 305 1368 334 arte
1398 282 1403 290 N

76 355 113 394 δὲ
138 353 296 394 consilio
324 361 567 405 pepererunt.
600 354 772 393 Incitatis
797 355 899 394 enim
926 356 1110 403 navibus,
1135 369 1224 395 cum
1247 369 1369 407 prorae

74 427 252 457 catenam
283 431 406 469 prope
434 421 516 468 Jam
543 419 841 469 contingerent,
865 420 1026 460 universi
1052 422 1093 459 in
1120 434 1271 472 puppes
1301 437 1370 462 na-

73 480 181 518 vium
204 480 460 520 recesserunt:
486 480 538 520 fic
560 480 693 521 levatae
713 494 830 521 onere
853 496 975 533 prorae
1000 491 1154 523 catenas
1173 484 1288 524 facile
1312 485 1371 525 su-

75 551 268 592 perarunt.
293 540 369 580 hoc
391 542 495 581 faeto
518 542 770 582 contulerunt
794 543 832 582 se
853 557 987 583 omnes
1006 545 1047 583 in
1064 558 1218 596 proras,
1236 546 1369 598 hisque

78 606 260 656 depressis
277 606 512 655 effecerunt,
531 618 573 646 ut
598 621 747 658 puppes
768 609 903 648 itidem
925 609 1038 661 supra
1060 620 1213 651 catenas
1234 611 1370 663 lapsae,

75 666 189 707 liberi
222 667 352 707 cursus
382 667 610 708 facultatem
635 670 941 719 periclitantibus
968 672 1182 712 redderent.
1215 674 1293 714 >Sic
1316 676 1371 712 in-

76 734 184 785 genti
210 741 314 770 metu
343 730 520 781 liberati,
543 732 767 782 paulopost
792 733 898 783 apud
924 734 1157 774 Panormum
1185 747 1275 774 cum
1301 735 1372 775 Pu-

76 795 173 834 nicis
200 794 361 833 navibus
393 793 613 844 prosperam
643 807 813 846 pugnam
842 796 979 836 fecere.

133 859 322 899 XXXVI.
353 858 538 898 Consules
559 867 689 898 autem
718 859 906 906 Romani,
927 859 1055 899 divifis
1081 859 1173 899 belli
1200 860 1342 899 muniis
1358 891 1370 908 ⁷

78 922 120 962 L.
136 921 321 969 Metellus
337 922 549 973 Lilybaeum
563 953 573 970 ‚
590 924 706 962 Num.
723 922 862 962 Fabius
879 924 1102 974 Drepanum
1128 923 1370 963 obsidebant.

78 986 242 1035 Adjacet
265 985 445 1035 Drepano
467 985 644 1024 Austrum
672 984 800 1024 versus
833 984 954 1025 insula
971 1016 982 1035 ,
1008 987 1083 1025 five
1110 985 1290 1037 scopulus
1311 1000 1376 1026 ve-

81 1048 158 1087 rius
185 1047 262 1096 est,
284 1061 400 1098 quem
424 1046 614 1087 Pel-ladem
640 1046 802 1087 insulam
828 1048 967 1096 Graeci,
988 1061 1057 1087 nos
1083 1049 1377 1088 Columbariam.

78 1109 331 1161 appellamus.
362 1109 474 1150 Hanc
505 1109 632 1148 occiso
660 1109 830 1160 praefidio
853 1109 1000 1149 Punico
1030 1123 1097 1160 per
1119 1110 1205 1150 suos
1233 1111 1374 1150 milites

80 1175 199 1213 noetu
228 1172 362 1212 consul
389 1173 608 1224 occupavit.
652 1173 788 1221 Neque
813 1171 956 1211 distulit
986 1172 1211 1222 Hamilcar,
1233 1175 1297 1224 qui
1325 1175 1374 1213 ad

82 1233 375 1274 defendendum
412 1232 636 1283 Drepanum
674 1243 914 1282 accurrerat,
943 1242 1024 1273 orta
1054 1233 1142 1276 luce
1168 1236 1216 1275 ad
1242 1236 1374 1275 locum

78 1295 388 1346 recuperandum
417 1295 558 1344 egredi.
595 1296 685 1344 Quo
712 1295 976 1335 animadverso
1004 1297 1162 1345 consul,
1189 1311 1277 1337 cum
1300 1298 1374 1337 suis

81 1371 198 1409 opem
227 1357 326 1396 ferre
351 1352 570 1406 non'poffet
589 1386 600 1405 ‚
622 1365 703 1396 tota
722 1357 761 1396 vi
785 1358 1003 1408 Drepanum
1028 1372 1251 1410 oppugnare
1273 1360 1377 1398 insti-

80 1424 169 1462 tuit.
207 1422 270 1461 Sic
295 1423 457 1460 retracto
484 1420 731 1467 Hamilcare,
753 1422 877 1459 tenuit
905 1420 1092 1470 insulam,
1120 1435 1239 1472 eaque
1268 1423 1376 1461 dein-

81 1498 173 1536 ceps
209 1485 257 1523 ad
289 1483 454 1523 obseffos
484 1486 608 1522 acrius
635 1484 869 1522 infestandos
904 1484 990 1523 usus
1020 1485 1081 1523 est.
1122 1485 1239 1532 Jactis
1269 1485 1374 1523 enim

80 1547 249 1588 molibus
279 1548 493 1586 continenti
523 1560 608 1586 eam
640 1548 849 1596 annexuit3
890 1551 926 1587 ἃ
957 1548 1139 1598 quoniam
1174 1547 1240 1587 illa
1268 1557 1376 1598 parte

83 1610 291 1651 infirmiora
316 1610 422 1649 urbis
446 1619 554 1649 erant
573 1611 718 1650 moenia
732 1641 743 1658 ,
764 1610 946 1661 operibus
966 1610 1145 1650 excitatis
1173 1623 1375 1662 oppugna.

82 1675 230 1713 tionem
258 1673 346 1712 inde
367 1673 419 1712 est
446 1672 562 1712 orsus.

136 1736 351 1776 XXXVII.
374 1736 448 1776 Sed
468 1749 617 1787 pugnas
642 1735 854 1776 Hamilcari
881 1749 970 1775 cum
990 1735 1048 1774 his
1070 1737 1105 1775 &
1129 1734 1374 1785 sequentium

83 1810 274 1836 annorum
301 1797 522 1836 consulibus
543 1806 751 1848 pugnatas,
769 1811 890 1848 neque
912 1798 962 1837 ob
987 1797 1245 1848 frequentiam
1270 1798 1376 1848 poil'e

84 1857 274 1906 describi,
303 1872 428 1909 neque
457 1859 508 1898 ob
532 1859 817 1899 similitudinem
842 1860 997 1899 casuum
1030 1860 1170 1900 debere
1195 1859 1375 1911 Polybius

84 1921 260 1962 censuit:
289 1935 378 1961 cum
405 1925 568 1963 triennio
586 1924 664 1963 fere
687 1926 872 1964 continuo
892 1927 1074 1976 Epieretae
1093 1925 1207 1964 castra
1230 1926 1376 1966 habens

84 1999 174 2024 cum
198 1984 382 2025 Romanis
409 1986 597 2035 ducibus,
624 1990 793 2027 maxime
821 1989 1023 2039 postquam
1049 1988 1103 2027 illi
1132 1989 1257 2028 castris
1286 1999 1375 2030 ante
1411 2012 1415 2016 -

84 2049 315 2089 Panotmum
348 2046 509 2095 locatis,
536 2049 597 2087 vix
627 2050 794 2100 quinque
814 2051 1020 2089 stadiorum
1053 2051 1294 2090 intervallum
1318 2054 1376 2091 in-

84 2119 142 2150 ter
157 2110 194 2150 se
211 2113 245 2149 Sc
273 2109 419 2149 hostem
441 2110 691 2161 reliquissent,
712 2113 993 2162 propemodum
1022 2113 1249 2161 quotidiana
1277 2126 1377 2163 proe-

83 2173 133 2212 lia
160 2174 308 2212 fecerit.
339 2187 463 2224 neque
490 2175 591 2213 enim
619 2183 684 2214 aut
711 2176 846 2225 quietae
873 2188 929 2214 res
950 2175 1023 2214 esse
1049 2183 1252 2224 poterant,
1284 2186 1376 2214 cum

86 2234 227 2274 collata
253 2236 379 2275 castris
410 2237 526 2275 castra
551 2237 695 2285 effent3
723 2250 846 2288 neque
870 2237 1013 2276 rursum
1041 2237 1087 2275 ad
1110 2235 1293 2275 universae
1320 2236 1375 2275 di-

85 2299 304 2338 micationis
325 2298 532 2338 discrimen
557 2308 714 2338 ventum
741 2300 804 2340 est.
835 2300 954 2338 multa
971 2300 1072 2338 enim
1090 2299 1372 2350 prohibebant:

88 2362 278 2411 praecipue
317 2363 421 2413 quod
461 2364 545 2414 pari
585 2363 783 2414 copiarum
818 2362 1084 2412 firmitudine,
1121 2361 1375 2413 locorumque

134 2481 155 2521 ς
194 2479 334 2512 XXXV.
360 2479 480 2524 Polyb.
502 2481 604 2515 Diod.
629 2483 652 2515 l.
687 2493 741 2522 24.
767 2481 890 2516 Zonar.
926 2482 948 2527 §
978 2481 1139 2516 XXXVI.
1175 2481 1280 2514 Cluv.
1310 2480 1376 2514 Sic.

92 2516 179 2568 2,·1.
205 2523 327 2556 Zonar.

157 2576 210 2621 T.
235 2574 328 2618 Liv.
352 2575 449 2618 Vol.
477 2574 564 2619 III.
1078 2572 1122 2617 T
