1701 3008
295 193 375 241 IN
412 188 959 240 LOC.L1B.x1x
1017 189 1162 236 L1v.
1309 185 1399 250 285

163 302 350 344 XXVIII.
394 301 443 342 Et
468 299 624 351 Lilybaei
649 298 810 350 quidem
839 296 1081 336 obsidionem
1111 295 1207 336 solvi
1238 309 1317 336 non
1344 296 1398 335 est

108 364 260 407 visum:
287 364 353 404 sed
381 365 516 404 datum
542 362 690 401 idoneis
719 360 949 400 hominibus
971 359 1170 412 negotium
1185 389 1196 409 ‚
1216 367 1259 399 ut
1277 359 1406 399 neces-

107 430 206 470 saria
232 429 421 468 exercitui
450 427 548 477 justo
576 434 753 477 tempore
783 423 1098 463 subveherentur.
1141 424 1258 475 Spem
1291 423 1408 462 facie,

114 492 206 541 bat,
228 492 335 542 quod
358 491 415 530 uti
443 490 542 528 mari
567 489 709 528 Poenus
726 518 738 536 ‚
764 487 816 525 ita
843 486 1039 526 Romanus
1063 493 1160 525 terra
1184 485 1271 536 plus
1297 494 1410 537 pote-

111 565 198 605 rat,
227 565 427 606 totamque
455 554 577 593 ferme
596 550 769 590 Siciliam
798 549 944 588 ditione
973 557 1040 588 aut
1060 547 1272 588 foederibus
1293 560 1409 588 com-

111 619 369 671 pleeoebatur.
402 618 478 659 Sed
503 627 629 666 neque
656 611 831 653 consules
860 613 943 660 ejus
964 612 1055 650 anni
1078 609 1311 661 placebant:
1338 624 1409 651 ne-

109 694 189 732 que
213 679 404 719 consulari
424 677 608 728 imperio,
628 675 733 726 quod
754 673 814 713 isti
842 679 1042 711 contemtu
1071 670 1302 722 religionum
1320 685 1409 723 pro-

111 744 303 784 fanass'ent
328 743 448 796 (nam
475 743 511 780 ἂ
535 740 576 780 L.
605 739 741 788 Junius
780 743 912 775 contra
936 733 1106 784 auspicia
1131 735 1321 786 navigasse
1350 730 1410 775 δ’·

112 806 306 861 cebatur)
342 817 399 844 res
428 803 636 855 putabatur
656 800 819 840 feliciter
841 798 919 859 geri
950 797 1068 849 posse.
1104 798 1226 850 Igitur
1251 799 1301 838 ad
1328 812 1412 838 rem

113 881 256 909 novam
287 870 324 908 &
357 867 577 905 inufitatam
602 871 790 910 ventum,
818 861 874 899 uti
905 860 1070 900 dictator
1098 860 1315 909 diceretur,
1345 861 1412 911 qui

62 965 67 978 ι
112 930 156 970 in
179 928 350 971 Siciliam
367 929 464 976 iret3
495 939 585 966 cum
611 925 659 964 ad
682 937 768 964 eam
791 923 893 961 diem
919 930 1023 960 extra
1047 920 1199 960 Italiam
1221 934 1338 960 nemo
1365 934 1411 961 ea

113 993 302 1045 potestate
329 991 512 1043 praeditus
537 988 752 1028 exercitum
776 984 951 1025 duxiffet.
984 983 1085 1024 Mira
1109 997 1156 1022 eo
1176 993 1353 1035 tempore
1374 986 1413 1025 &

115 1070 239 1109 prope
270 1053 508 1096 incredibilis
542 1053 579 1093 P.
599 1051 729 1092 Clodii
757 1047 922 1088 consulis
951 1045 1154 1086 insolentia
1179 1047 1268 1086 fuit.
1291 1046 1411 1096 Juss'us

114 1133 139 1161 a
169 1122 311 1161 Senatu
351 1118 583 1158 dictatorem
611 1116 767 1163 dicere,
798 1121 982 1162 tanquam
1010 1121 1147 1160 parum
1179 1109 1220 1148 in
1245 1111 1412 1160 patriam

117 1182 336 1234 deliquisset
362 1190 478 1222 tantae
505 1179 632 1220 cladis
661 1180 818 1225 audior,
844 1174 911 1214 nifi
937 1173 1165 1225 dignitatem
1195 1172 1313 1211 etiam
1341 1173 1414 1211 im-

118 1246 215 1299 perii
244 1244 483 1285 contumelia
519 1245 556 1283 &
588 1241 712 1282 derisu
740 1229 977 1284 macularet,
1001 1236 1061 1277 M.
1086 1234 1295 1276 Claudium
1324 1234 1414 1287 Gly.

115 1311 221 1349 ciam
252 1309 373 1355 dixit,
396 1307 560 1346 scribam
589 1315 656 1346 aut
676 1306 863 1346 viatorem
882 1301 1006 1342 suurn.

173 1372 331 1412 XXIX.
352 1372 454 1412 Tum
471 1383 563 1409 vero
579 1377 712 1408 coorta
729 1368 866 1406 merito
883 1366 923 1404 in
942 1376 1030 1403 eum
1046 1362 1314 1413 indignatione
1329 1373 1414 1401 om-

116 1436 240 1483 nium,
255 1437 411 1474 coaetus
437 1433 638 1480 abdicare,
657 1431 755 1470 acin
772 1427 906 1480 populi
921 1426 1115 1476 judicium
1137 1425 1327 1464 addudtus
1345 1424 1410 1464 est.

118 1498 431 1539 Condemnatum
443 1497 629 1543 auetores,
642 1505 737 1544 quos
749 1491 885 1532 Cicero
901 1489 1011 1535 vidit,
1023 1487 1185 1527 retulere
1197 1501 1208 1536 ·,
1223 1486 1288 1526 sed
1304 1485 1411 1537 apud

115 1560 213 1601 alios
240 1568 467 1599 annotatum
489 1558 562 1605 est,
589 1558 688 1595 illum
716 1556 814 1595 haud
834 1554 942 1592 dubia
960 1552 1040 1606 jam
1062 1550 1186 1604 populi
1206 1550 1416 1606 voluntate,

117 1623 204 1677 casu
220 1635 367 1676 ereptum
391 1621 454 1673 effi
469 1621 631 1659 eminenti
652 1617 896 1662 damnationi,
924 1629 998 1654 curn
1015 1614 1132 1667 subito
1152 1625 1289 1652 coortus
1311 1614 1417 1651 imber

117 1688 263 1727 comitia
291 1684 473 1737 diremisset
495 1700 506 1723 :
536 1696 606 1722 tum
633 1682 724 1720 enim
749 1680 846 1718 velut
871 1678 1084 1731 quaestionem
1108 1676 1414 1729 interpellantibus

119 1750 193 1787 diis
208 1780 220 1798 ‚
246 1749 356 1786 aliam
374 1749 533 1800 deinceps
558 1745 692 1797 institui
715 1758 785 1782 non
805 1739 985 1795 placuffl·
1017 1739 1198 1779 Ceterum
1233 1738 1384 1790 Glycias
1401 1768 1414 1787 ,

120 1813 228 1864 quod
251 1811 399 1852 ultimae
430 1810 541 1850 sortis
571 1809 772 1848 hominem
796 1808 836 1846 in
863 1806 1033 1845 maximo
1055 1805 1216 1855 imperio
1244 1803 1416 1854 conspici

124 1875 253 1926 pudor
269 1874 433 1912 civitatis
454 1886 532 1912 non
556 1870 728 1917 ferebat,
755 1871 909 1909 coac-”tus
925 1867 1107 1906 abdicare
1121 1897 1132 1911 ,
1155 1865 1266 1905 ludos
1285 1872 1417 1902 tamen

121 1936 251 1988 postea
285 1945 512 1986 praetexatus
542 1933 740 1984 speetavit.
790 1931 834 1972 In
856 1933 938 1980 ejus
965 1929 1097 1968 locum
1125 1928 1288 1966 distentor
1312 1937 1416 1963 crea-

122 2007 185 2039 tus
209 1999 261 2038 est
285 2000 327 2038 A.
352 1997 488 2037 Atilius
515 1997 555 2036 A.
575 1996 615 2036 F.
635 1996 679 2036 C.
695 1996 744 2035 N.
764 1993 980 2040 Calatinus,
999 1991 1172 2040 dixitque
1195 1987 1418 2038 magistrum

124 2063 300 2113 equitum
331 2061 370 2100 L.
399 2058 595 2099 Caecilium
620 2058 662 2098 L.
686 2057 728 2098 F.
754 2056 797 2097 C.
826 2057 874 2096 N.
902 2053 1134 2100 Metellum,
1162 2052 1227 2102 qui
1256 2050 1304 2088 de
1330 2049 1421 2088 Poe-

124 2124 186 2162 nis
213 2121 529 2172 triumphaverat.
572 2120 625 2160 Hi
651 2119 816 2170 profec‘ti
853 2117 1011 2168 quidem
1036 2115 1123 2155 sunt
1155 2116 1197 2154 in
1222 2111 1422 2157 Siciliam,

126 2184 194 2224 sed
226 2197 306 2223 rem
338 2181 628 2222 memorabilem
652 2180 798 2219 nullam
824 2178 1025 2230 gesserunt.
1052 2177 1199 2217 Interea
1219 2174 1261 2215 L.
1282 2173 1421 2222 ,Iunius

128 2246 265 2286 anxius
296 2258 421 2284 rerum
457 2244 636 2291 suarum,
667 2244 703 2282 δε
737 2240 926 2291 naufragii
963 2238 1118 2290 culpam
1147 2237 1298 2289 egregio
1327 2235 1423 2275 faci-

126 2320 221 2346 nore
248 2305 403 2345 abolere
438 2305 612 2351 studens,
642 2315 732 2342 cum
764 2303 804 2341 in
833 2313 967 2341 omnes
1005 2299 1222 2339 occasiones
1251 2300 1420 2339 intentus

128 2365 247 2416 effet,
271 2366 402 2417 Erycis
441 2365 660 2417 occupandi
695 2363 826 2413 viam,
849 2362 1068 2414 proditione
1100 2364 1290 2402 nocturna
1317 2373 1420 2412 quo-

179 2493 201 2536 5
225 2491 381 2525 xxvin.
403 2491 522 2536 Polyb.
548 2504 583 2530 ι.
611 2502 663 2530 54.
688 2490 760 2526 cic.
783 2490 825 2526 de
848 2489 928 2524 Nat.
968 2487 1073 2524 Deor.
1094 2499 1114 2523 2
1130 2511 1140 2530 ,
1169 2497 1203 2532 3.
1231 2485 1308 2525 Liv·
1334 2483 1427 2528 Epir.

126 2537 220 2573 Suet.
241 2538 319 2572 Tib.
352 2549 364 2571 1
381 2563 392 2579 ,
409 2548 442 2573 2.
470 2536 551 2571 fast.
573 2536 723 2580 Capitol.
