1701 3008
321 245 404 291 IN
453 245 794 292 Locriss.
837 227 1151 319 xxqu
1313 258 1403 310 3¹5

123 348 224 389 sores
252 352 376 400 jurare
402 351 568 401 singulos
594 361 826 403 coegerunt,
847 367 988 391 uxorem
1004 354 1240 406 filiberorum
1261 367 1409 406 quaeren-

126 412 246 449 dorum
273 412 391 463 gratia
417 412 608 452 habituros.
644 412 732 451 Hoc
758 425 860 450 anno
891 412 959 451 Cn.
983 413 1138 453 Naevius
1168 412 1412 464 CampanUS‚

128 473 195 521 qui
226 472 327 512 bello
352 473 496 512 Punico
524 474 708 524 stipendia
732 473 901 522 fecerat,
925 473 1073 513 fabulas
1100 475 1268 525 primum
1290 474 1412 515 scenae

131 534 251 573 dedit.
290 534 439 574 Interea
468 534 621 585 Ligures
649 537 683 574 ἃ
711 535 816 574 Sardi
839 535 966 574 denuo
990 535 1216 575 rebellantes
1240 535 1416 575 consuli-

131 597 201 650 bus
231 598 342 637 novis
365 598 572 648 provinciae
605 598 778 637 decretae.
815 599 864 648 Q.
886 598 1004 638 Fabio
1032 600 1082 650 Q.
1113 599 1155 639 F.
1180 601 1228 650 Q.
1251 601 1299 640 N.
1330 600 1414 639 Ma-

127 658 234 697 ximo
262 657 473 697 Verrucoso
502 657 732 707 Ligusticum
759 657 928 705 bellum,
957 658 1014 698 M.
1041 659 1254 711 Pomponio
1284 660 1343 700 M.
1369 660 1412 700 F.

128 719 188 760 Μ.
208 720 257 760 N.
279 716 457 759 Mathoni
475 719 664 758 Sardoum
686 719 855 757 obvenit.
888 719 986 758 Cum
1008 722 1127 760 horum
1142 734 1291 760 motuum
1305 724 1416 775 causa

125 794 232 833 penes
251 777 550 831 Carthaginienses
565 777 626 831 effi
648 779 840 817 diceretur
855 807 866 824 ,
882 780 941 830 qui
961 780 1126 819 barbaros
1140 782 1190 819 ad
1199 782 1415 834 deftfflonem

125 841 268 895 fieretis
284 840 419 877 nuntiis
436 838 613 877 allicerent
629 869 641 886 ‚
662 838 775 889 legati
802 839 901 878 miffi
921 838 1007 878 sunt
1028 839 1296 892 Carthaginem
1323 855 1415 883 cum

129 903 267 954 asperis
292 902 484 941 mandatis
497 933 507 951 ‚
531 915 606 952 quo
619 904 825 955 stipendium
849 904 1047 953 exigerent
1061 935 1073 950 ,
1090 913 1204 955 atque
1219 907 1347 959 infidis
1365 908 1417 945 aa!

129 969 313 1006 Romanos
335 966 588 1017 pertinentibus
608 965 765 1017 abstineri
785 964 985 1015 juberent,
1000 965 1083 1005 belli
1103 967 1220 1006 minis
1245 967 1414 1015 additis,

128 1029 168 1071 ni
196 1029 364 1081 imperata
378 1026 550 1080 ficff’m·

184 1091 306 1131 XVII.
335 1091 422 1139 Jam
443 1102 491 1130 ex
511 1090 627 1141 priori
651 1089 866 1131 calamitate
888 1093 984 1132 vires
1009 1095 1044 1133 ἃ
1065 1093 1238 1134 animum
1261 1107 1414 1148 recepe-

131 1163 216 1194 rant
240 1154 347 1194 Poeni
363 1184 376 1201 ,
407 1152 636 1193 Hamilcaris
664 1156 836 1193 maxime
859 1155 1039 1195 industria
1059 1169 1137 1195 non
1159 1157 1279 1196 modo
1301 1171 1414 1209 paca-

132 1218 180 1257 tis
209 1216 343 1256 Africae
382 1215 535 1267 populis
553 1247 566 1263 ,
592 1218 658 1267 qui
696 1230 718 1257 a
754 1217 1124 1270 Carthaginiensibus
1149 1219 1411 1270 desciverant,

129 1279 195 1319 sed
215 1277 327 1316 etiam
346 1275 459 1315 latius
475 1285 653 1327 promota
677 1278 850 1320 ditione:
877 1291 1095 1330 magnoque
1114 1281 1193 1328 jam
1217 1280 1256 1318 in
1278 1280 1414 1331 Hispa-

130 1341 195 1380 nia
215 1338 377 1390 imperio
400 1352 467 1389 per
492 1340 658 1378 eundem
689 1341 828 1380 ducem
852 1350 975 1391 parto,
1011 1340 1147 1391 Itaque
1169 1349 1254 1380 tum
1278 1343 1326 1382 ad
1350 1354 1412 1382 ce·

131 1413 212 1444 tera
236 1403 413 1443 ferociter
436 1403 569 1454 legatis
598 1403 819 1454 responsum
844 1404 919 1453 est,
947 1412 1030 1443 tum
1052 1405 1190 1454 etiam,
1210 1417 1299 1444 curn
1327 1405 1412 1456 illi,

134 1466 467 1517 quemadmodum
490 1466 531 1504 in
558 1466 747 1505 mandatis
770 1465 987 1515 habebant3
1010 1465 1155 1505 hastam
1183 1468 1415 1507 caduceum-

133 1540 207 1580 que
231 1525 540 1578 proposuissent,
569 1526 658 1565 data
680 1527 812 1566 Poenis
842 1529 1019 1578 optione,
1044 1540 1157 1566 utrum
1184 1527 1327 1567 mallent
1353 1529 1415 1568 eli-

129 1590 235 1644 gendi
247 1605 260 1637 ‚·
287 1601 441 1626 neutrum
457 1590 497 1641 se
524 1589 630 1640 legere
653 1588 930 1629 succlamatum
959 1590 1035 1638 est,
1054 1589 1118 1629 sed
1139 1602 1251 1630 utrum
1270 1591 1415 1631 mallent

133 1654 199 1706 ipfi
220 1652 326 1704 legati
348 1652 576 1703 relinquerent
593 1680 603 1699 ‚
630 1665 724 1703 aequo
740 1653 863 1699 ,animo
888 1653 1092 1705 accepturis.
1132 1651 1228 1692 Inde
1254 1654 1413 1704 flagrare

134 1716 261 1753 denuo
283 1722 483 1763 coeperunt
495 1712 592 1750 inter
607 1712 703 1751 duos
720 1712 885 1763 populos
906 1714 995 1753 odia
1007 1744 1017 1762 ,
1034 1713 1097 1752 sed
1114 1722 1247 1753 neutro
1265 1715 1416 1756 bellum

136 1776 267 1817 adhuc
293 1776 464 1826 incipere
490 1774 669 1822 volente,
692 1775 834 1826 species
859 1776 1063 1824 amicitiae,
1084 1777 1202 1827 magis
1222 1780 1311 1827 quia
1332 1793 1413 1819 non

137 1839 371 1886 bellabatur,
396 1851 508 1888 quam
536 1838 640 1887 quod
664 1837 739 1877 fida
765 1851 837 1888 pax
860 1838 973 1886 esset,
990 1838 1132 1878 interea
1157 1840 1291 1880 tenuit.
1322 1843 1414 1881 Am-

136 1901 188 1941 bo
216 1900 355 1939 deinde
381 1898 552 1938 consules
577 1900 625 1938 ad
651 1900 793 1940 Urbem
819 1902 975 1950 reversi,
1003 1913 1092 1940 cum
1117 1903 1165 1941 de
1190 1903 1304 1942 rebus
1327 1917 1348 1943 a
1375 1904 1416 1944 se

136 1965 245 2016 gestis
273 1963 547 2010 disseruissent,
569 1963 811 2014 triumphum
838 1966 1146 2016 impetraverunt.
1194 1968 1242 2017 Q.
1275 1967 1414 2008 Fabius

139 2025 280 2066 multos
311 2026 492 2074 Ligurum
515 2025 554 2064 in
579 2025 715 2076 proelio
737 2027 950 2075 occiderat,
973 2035 1224 2078 coegeratque
1245 2028 1411 2080 reliquos

134 2089 180 2128 in
207 2087 434 2139 Alpestribus
461 2087 555 2127 locis
575 2087 612 2127 se
634 2089 852 2137 continere,
879 2098 1080 2140 tutumque
1106 2091 1153 2129 ab
1178 2089 1332 2129 illorum
1361 2091 1414 2131 la-

137 2151 312 2191 trociniis
339 2151 510 2190 vicinum
549 2150 666 2191 ltaliae
703 2150 797 2191 latus
831 2153 1059 2192 reddiderat.
1100 2153 1162 2193 Sic
1195 2161 1285 2193 ante
1310 2154 1414 2193 diem

137 2214 332 2255 'Kalendas
364 2213 590 2254 Februarias
625 2215 877 2265 triumphavit
921 2216 970 2255 de
1003 2215 1218 2266 Liguribus.
1277 2216 1414 2257 Idibus

137 2276 277 2315 deinde
305 2276 454 2316 Martiis
494 2275 552 2316 M.
579 2275 817 2330 Pomponius
837 2277 1090 2329 'triumphum
1121 2277 1230 2318 duxit
1256 2278 1304 2318 de
1331 2279 1413 2320 Sar-

136 2338 221 2387 dis,
241 2351 334 2389 quos
361 2339 512 2380 vicerat.

185 2471 207 2513 5
231 2470 322 2504 XVI·
358 2473 464 2516 Agell·
498 2483 539 2513 4,
571 2482 587 2516 3
612 2472 645 2506 &
676 2482 712 2513 7,
826 2472 950 2506 zonat.
977 2470 1059 2507 Fast.
1083 2471 1235 2517 capitol.
1260 2472 1281 2506 Ε
1306 2469 1417 2504 XVII.

142 2515 185 2548 D·
194 2516 245 2547 2¹.
269 2528 309 2559 ap
314 2517 458 2550 ,Vale1.
481 2498 600 2559 Polyb.
620 2528 658 2559 2,
678 2529 732 2550 21.
739 2483 900 2562 2Nepos'
895 2531 928 2551 ιη
949 2517 1089 2551 Hamilc.
1116 2518 1238 2551 Zonar.
1270 2515 1358 2547 Plut·
1380 2516 1414 2547 '1¹²

140 2560 242 2597 Fabio
274 2573 310 2601 ι,
339 2571 372 2605 3.
397 2561 509 2605 Capit.
534 2543 658 2596 'irabul
677 2562 776 2596 Aust.
796 2564 836 2598 de
854 2564 928 2598 Vir.
946 2563 994 2596 ill.
1012 2575 1040 2595 c.
1063 2573 1119 2607 43
