1701 3008
300 199 900 248 HISTORIARUM
939 198 1072 244 LIB.
1125 197 1188 244 X.
1378 211 1410 256 7

112 308 215 358 'dolo
240 312 360 372 capi,
382 327 506 371 quam
533 310 663 354 armis
688 309 802 353 vinci
819 340 833 363 ‚
853 303 981 370 poffi.
1019 305 1128 351 Haec
1158 300 1238 350 ubi
1262 302 1411 349 audita

115 383 249 443 sunt,
277 385 328 431 &
355 384 410 430 ad
441 398 547 436 eos,
570 380 650 443 qui
682 378 977 426 consederant
1010 378 1057 424 in
1088 376 1280 435 insidiis,
1305 393 1413 439 per-

112 456 206 504 lata
226 491 240 515 ‚
272 453 611 502 consurrectum
646 462 831 513 repente
860 466 917 495 ex
950 449 1130 496 latebris
1162 448 1252 507 est,
1283 449 1332 496 &
1364 448 1413 495 in

115 542 346 595 patentem
375 529 431 575 ad
459 524 752 589 conspectum
780 524 981 588 undique
1004 540 1212 587 campum
1237 522 1414 586 prolata

116 605 252 669 figna.
283 603 387 650 Visa
419 602 570 665 legato
606 599 752 661 major
786 598 929 657 acies,
951 615 1087 663 quam
1118 615 1217 661 quae
1250 597 1304 643 ab
1331 597 1415 644 suo

114 676 327 742 praefidio
355 673 559 722 sustineri
591 672 750 737 poffet.
788 672 938 735 itaque
970 686 1164 733 propere
1191 669 1244 715 ad
1275 668 1415 716 dicta-

118 761 268 796 torem
293 745 459 795 auxilia
486 744 683 793 accitum
710 743 878 802 mitti13
904 743 1075 791 interea
1101 741 1191 805 ipse
1219 740 1416 804 impetus

119 823 318 870 hostium·
351 821 548 869 sustinet.
572 853 593 874 ‚c

186 899 246 944 V.
280 896 460 944 Nuntio
492 894 656 953 allato,
687 893 877 940 dictator
901 891 1021 956 figna
1046 888 1179 948 ferri,
1212 906 1263 938 ac
1292 887 1418 952 sequi

121 965 319 1019 armatos
341 967 480 1031 jubet.
521 966 596 1026 sed
627 966 846 1014 celeriora
868 981 1012 1028 prope
1043 962 1196 1010 omnia
1223 962 1419 1026 imperio

122 1059 264 1094 erant.
306 1045 450 1108 Rapta
485 1042 719 1105 extemplo
753 1041 873 1105 figna
903 1055 1142 1102 armaque3
1173 1039 1224 1085 ὅ(
1252 1037 1332 1085 vix
1363 1035 1420 1082 ab

124 1118 297 1182 impetu
326 1117 376 1165 &
409 1114 537 1164 cursu
568 1115 848 1162 tenebantur.
898 1130 1013 1161 cum·
1045 1111 1111 1158 ira
1146 1110 1201 1157 ab
1235 1121 1420 1172 accepta

125 1208 271 1255 nuper
300 1190 424 1238 clade
459 1188 737 1247 stimulabat,
772 1199 867 1234 tum
905 1183 1180 1233 concitatior
1210 1181 1421 1229 accidens

126 1266 300 1314 clamor
337 1264 393 1310 ab
427 1261 703 1311 increscente
738 1255 998 1308 certamine.
1055 1260 1230 1320 Urgent
1269 1254 1422 1318 itaque

127 1337 205 1384 alii
237 1336 380 1396 alios,
405 1336 736 1397 hortanturque
770 1330 1034 1396 signiferos,
1063 1342 1114 1376 ut
1142 1327 1271 1375 ocius
1301 1338 1422 1374 eant²

128 1427 225 1474 quo
255 1410 397 1474 magis
434 1408 692 1456 festinantes
725 1405 854 1453 videt
891 1404 1116 1461 dictator,
1143 1417 1199 1448 eo
1240 1400 1420 1462 impen-

129 1484 215 1531 sius
233 1495 426 1531 retentat
445 1499 605 1546 agmen
620 1517 633 1540 ‚
652 1498 704 1529 ac
725 1479 883 1527 senfim
902 1478 1109 1526 incedere
1127 1474 1264 1537 jubet.
1290 1476 1422 1520 Etru-

130 1557 193 1605 sci
227 1568 414 1613 contra,
436 1554 666 1619 principio
696 1553 836 1601 exciti
869 1568 1062 1615 pugnae,
1093 1548 1306 1596 omnibus
1337 1563 1424 1595 co·-v

129 1630 218 1695 piis
246 1630 443 1678 aderant.
480 1631 536 1675 Et
563 1628 692 1691 super
717 1626 831 1674 alios
852 1625 929 1672 alii
954 1623 1165 1672 nuntiant
1190 1619 1425 1679 difflatori,

130 1717 291 1748 omnes
311 1700 514 1764 legiones
533 1697 819 1746 Etruscorum
850 1694 1065 1760 capeffiffe
1085 1708 1310 1757 pugnam3
1338 1707 1423 1738 nec

131 1775 219 1839 jam
255 1774 311 1822 ab
344 1773 433 1821 suis
465 1772 602 1819 resisti
635 1772 792 1835 posse:
825 1772 875 1818 &
911 1769 1001 1833 ipse
1029 1767 1171 1816 cernit
1203 1783 1260 1813 ex
1296 1766 1424 1828 supe-

131 1849 255 1895 riore
286 1847 425 1906 loco,
450 1849 498 1893 in
527 1857 697 1909 quanto
732 1843 986 1892 discrimine
1018 1840 1271 1905 praesidium
1305 1839 1426 1886 effet-

133 1922 370 1979 Ceterum,
388 1919 488 1968 satis
506 1918 663 1979 fretus,
682 1918 767 1965 ess'e
785 1916 920 1964 etiam
938 1931 1058 1961 nunc
1078 1911 1317 1959 tolerando
1340 1927 1428 1958 cer»

135 1995 294 2044 tamini
318 1995 540 2058 legatum,
565 2010 649 2041 nec
675 1991 719 2040 se
747 1990 911 2055 procul
936 1988 1078 2036 abeffe
1103 1986 1291 2050 periculi
1319 1986 1428 2032 vin-

135 2072 284 2120 dicem
301 2106 315 2129 ,
339 2086 475 2133 quam
504 2068 698 2115 maxime
725 2065 827 2114 vult
857 2063 1030 2128 fatigari
1057 2061 1228 2109 hostem
1247 2097 1262 2120 ‚
1282 2071 1331 2106 ut
1359 2059 1426 2105 in-

135 2144 273 2210 tegris
309 2143 538 2191 adoriatur
570 2141 740 2192 viribus
781 2139 927 2186 fessos.
992 2138 1266 2199 Quanquam
1306 2133 1428 2180 lente

137 2218 422 2283 procedunt,
456 2216 545 2278 jam
588 2227 740 2262 tamen
778 2213 832 2260 ad
871 2213 1087 2274 impetum
1131 2208 1428 2272 capiendum,

138 2292 282 2356 equiti
310 2292 466 2356 utique
482 2326 496 2349 ,
518 2290 750 2337 modicum
776 2299 870 2335 erat
894 2285 1095 2350 spatium.
1130 2284 1270 2347 prima
1301 2283 1431 2328 ince-

139 2365 307 2412 debant
335 2365 455 2430 figna
482 2364 744 2428 legionum,
774 2379 830 2409 ne
861 2360 970 2424 quid
996 2357 1228 2406 occultum
1261 2366 1337 2401 aut
1360 2369 1430 2399 re»

139 2439 377 2501 pentinum
407 2438 545 2486 hostis
581 2438 790 2485 timeret:
816 2435 890 2483 sed
921 2434 1159 2497 reliquerat
1189 2425 1431 2476 intervalla

134 2511 259 2560 inter
286 2511 471 2578 ordines
501 2512 729 2578 peditum,
760 2527 851 2577 qua
877 2508 975 2558 satis
1007 2507 1113 2555 laxo
1146 2502 1291 2567 spatio
1323 2498 1429 2564 equi

1073 2582 1110 2625 Α
1137 2596 1166 2637 4
