1701 3008
290 168 385 252 *IN
425 202 592 249 LOC.
636 201 769 248 LIB.
809 199 964 247 XIV.
1001 200 1134 246 LIV.
1273 199 1363 261 169

81 313 338 367 operibusque
361 309 586 350 militaribus
600 340 610 358 ,
632 308 680 347 ad
700 307 922 347 felicitatem
938 320 986 347 ex
998 306 1138 346 virtute
1155 305 1360 358 petendam

81 378 319 416 instruantur.
345 373 452 414 Bello
473 373 613 414 Sabino
631 384 719 411 curn
735 380 885 410 tantum
904 372 1038 421 praedae
1053 370 1202 418 fuiffet,
1217 380 1259 410 ut
1279 379 1362 410 tum

81 439 249 488 primum
271 436 469 476 Romanos
493 433 640 485 gustum
665 432 885 471 divitiarum
916 431 1055 481 cepiffe
1078 431 1234 481 scriptor
1249 430 1363 469 histo-

83 503 149 540 riae
175 500 314 540 Fabius
342 506 544 545 autumet,
568 496 704 535 Curius
738 494 833 533 nihii
861 508 906 532 ex
933 503 1011 533 tani
1037 493 1219 544 opulenta
1246 494 1362 532 victo-

79 565 160 607 ria,
184 571 321 613 ptaeter
350 560 621 601 conscientiam
645 557 887 606 famamque,
903 556 969 594 fibi
986 556 1185 595 vindicans
1201 555 1268 604 ,in
1288 556 1364 605 pri-

79 623 175 663 stina
195 632 418 675 paupertate
436 621 651 669 duritieque
674 618 831 658 manfit:
851 620 964 656 etiam
981 617 1143 668 publicae
1164 619 1363 657 continen-

81 688 146 725 tiae
171 686 350 736 magister
372 685 475 723 idem
497 683 658 739 indoneus
673 712 683 729 ,
708 683 743 720 δε
768 681 914 720 severus
931 681 1064 720 custos.

136 749 281 789 XLIX.
309 748 397 799 Agri
422 746 524 786 enim
551 744 692 795 captivi
721 753 829 794 parte
855 744 1022 782 maxima
1047 741 1241 793 publicata
1259 773 1269 790 ,
1292 743 1365 793 pri-

80 812 177 851 vatis
204 809 308 849 haud
346 808 510 860 amplius
535 816 718 858 quaterna
752 807 849 845 dena
873 808 1005 857 jugera
1033 806 1172 846 viritim
1207 806 1361 854 divine,

82 875 188 926 ipse,
207 886 294 913 cum
319 872 467 912 senatus
484 873 668 923 majorem
690 871 723 909 ei
745 871 963 920 portionem
979 868 1178 918 assignaret
1194 900 1206 915 ,
1223 869 1362 907 eodem

81 949 197 988 quem
223 935 358 975 ceteris
380 935 539 974 dederat
564 934 643 984 agri
663 933 781 972 modo
807 941 1009 972 contentus
1039 931 1135 979 fuit,
1154 932 1282 969 malum
1302 930 1363 982 effi

79 1001 188 1039 civem
210 998 402 1047 dictitans,
420 998 477 1036 cui
491 1012 560 1035 non
580 998 668 1034 idem
681 1026 692 1042 ,
707 998 800 1049 quod
817 996 924 1043 aliis,
937 996 1031 1048 fluis
1054 994 1115 1047 effe
1128 994 1245 1047 poffit.
1270 995 1363 1034 Haec

83 1061 226 1102 deinde
251 1063 292 1101 in
316 1059 468 1102 Sabinis
493 1058 581 1098 villa
601 1058 763 1098 Curiana
787 1058 883 1106 fuit,
902 1058 940 1096 in
966 1072 1040 1107 qua
1062 1058 1162 1097 forte
1185 1071 1273 1108 rapa
1291 1067 1364 1096 tor-

82 1133 231 1163 rentem
264 1123 355 1163 vic‘ti
389 1135 511 1173 nuper
547 1121 736 1162 Samnites
773 1132 860 1158 cum
897 1118 1123 1169 adiviffent,
1157 1118 1363 1170 ingensque

79 1185 236 1238 pondus
262 1185 341 1225 auri
369 1183 546 1224 afferrent
581 1183 712 1231 d0n0;
747 1196 808 1234 ego
833 1182 930 1231 heac,
962 1180 1108 1231 inquit,
1135 1182 1172 1219 in
1193 1181 1364 1232 fiblilihus

83 1250 169 1287 meis
191 1248 255 1300 eſjk
281 1247 395 1295 malo,
412 1247 447 1285 δ’
471 1261 591 1285 aurum
619 1245 826 1284 habentibus
854 1245 1029 1297 imperare.
1065 1244 1135 1283 Cui
1157 1242 1256 1282 villae
1272 1255 1361 1281 cum

82 1308 208 1349 vicina
229 1310 371 1360 praedia
389 1308 512 1348 senior
534 1308 631 1350 Cato
660 1305 886 1357 poffideret,
907 1318 952 1344 eo
975 1304 1186 1343 ventitabat
1208 1303 1364 1349 crebro,

81 1379 315 1423 tenuemque
340 1371 463 1411 casam
478 1402 489 1419 ,
513 1373 548 1410 ἅ
572 1369 760 1409 rusculum
780 1400 791 1417 ,
812 1368 917 1419 quod
941 1370 1000 1408 vir
1027 1376 1154 1406 tantus
1182 1367 1263 1418 post
1287 1375 1362 1405 tres

82 1432 302 1484 triumphos
330 1432 507 1473 manibus
542 1431 616 1471 suis
648 1431 823 1479 foderat,
859 1442 948 1468 cum
981 1430 1245 1470 recordatione
1277 1429 1363 1467 vitae

81 1494 391 1535 abstinentiffime
412 1497 502 1534 ac'tae
529 1493 832 1543 contemplatus,
857 1493 1026 1532 animum
1049 1492 1096 1531 ad
1116 1505 1245 1543 parem
1272 1504 1364 1531 con-

81 1556 280 1605 stantiam,
307 1557 469 1607 antiquae
492 1555 740 1606 fimplicitatis
764 1556 799 1594 ὃς
816 1554 967 1593 virtutis
989 1553 1233 1594 aemulatione
1257 1565 1363 1593 com-

83 1616 271 1669 ponebat.
301 1617 348 1657 Et
373 1617 546 1668 profecto
568 1615 655 1655 viris
679 1615 783 1655 haud
807 1614 890 1655 aliis
914 1605 1012 1667 opus
1038 1616 1113 1655 fuit
1135 1616 1185 1656 ad
1211 1616 1362 1666 imperii

81 1680 205 1720 futuri
230 1689 307 1719 tam
329 1679 440 1719 firma
465 1679 645 1730 ponenda
672 1678 921 1725 fundamenta
938 1709 949 1723 ,
975 1692 1057 1728 quae
1084 1679 1119 1717 &
1145 1677 1364 1728 impositam

84 1741 230 1781 molem
262 1740 427 1792 perferre
452 1739 625 1792 possent,
651 1741 686 1779 δι
710 1752 787 1778 non
817 1740 954 1778 exteris
988 1739 1106 1777 modo
1140 1738 1363 1776 concutien-

84 1805 187 1846 tibus
208 1804 437 1851 refisterent,
454 1804 517 1844 sed
537 1803 622 1855 ipsis
643 1817 796 1856 quoque
812 1804 1030 1844 domesticis
1051 1803 1150 1843 vitiis
1171 1815 1268 1854 aegre
1281 1804 1363 1841 vix-

86 1879 161 1918 que
181 1866 500 1907 convellerentur.

135 1989 158 2032 5
182 1988 521 2024 XLV111.Anst.de
544 1991 746 2025 Vir.·111.c.
776 1990 1059 2031 30.Strab.1.·c.
1089 1988 1249 2024 GXLIX
1273 1988 1361 2021 Pim

88 2034 125 2067 in
148 2033 199 2077 Ap
204 2046 246 2077 op
250 2034 299 2067 ht.
319 2035 434 2068 Front.
450 2035 554 2068 Strat.
570 2049 611 2075 4.
626 2048 654 2080 3.
677 2038 761 2071 Ptin.
782 2037 833 2070 18.
856 2047 885 2081 3.
909 2035 1005 2069 Aust.
1024 2035 1120 2070 (ΙεΥ
1114 2047 1151 2067 r.
1171 2035 1219 2068 ill.
1236 2033 1308 2068 Cic.
1328 2035 1362 2066 i1

87 2046 246 2115 Catone?
259 2078 349 2116 Plut.
375 2081 409 2112 in
432 2080 507 2113 Cat.
534 2081 610 2126 maj.
