1701 3008
258 186 837 235 HISTORIARUM
885 186 1011 232 LIB.
1057 185 1209 231 XXI.
1311 201 1397 248 391

105 295 316 359 clariffimi
350 295 608 355 imperatoris
628 329 639 348 ‚
669 311 799 354 prope
833 307 981 338 natum
1001 326 1014 349 ‚
1056 307 1152 339 certe
1186 292 1404 352 eductumj

106 374 348 417 domitorem
365 369 587 429 Hispania:
605 367 859 428 Galliaque,
892 367 1079 413 vic'lorem
1113 369 1286 413 eundem
1314 386 1404 414 non

111 447 376 506 Alpinarum
404 446 527 489 modo
551 445 736 505 gentium
753 476 767 497 ,
779 442 863 501 sed
891 441 1072 502 ipsarum
1090 474 1104 496 ,
1137 443 1249 502 quod
1273 445 1406 487 multo

111 518 257 576 majus
288 518 364 583 est,
398 518 578 577 Alpium
593 552 608 572 ‚
641 533 731 562 cum
741 515 922 581 semestri
951 516 1026 560 lzoc
1043 514 1253 572 conferam
1273 515 1409 571 duce,'

111 592 307 650 desertore
335 592 535 636 exercitus
550 589 627 651 sui
637 591 663 636 ἓ
691 591 767 634 Cui
769 586 820 651 st
833 590 950 649 quis,
969 588 1120 633 demtis
1123 587 1291 652 fignis‚
1308 590 1407 634 Poe-

111 683 192 711 nos
221 664 512 725 Romanosque
540 665 662 710 lzodie
692 662 876 727 ostendat
893 696 906 716 ,
942 663 1226 723 ignoraturum
1257 676 1407 706 certum

112 739 242 783 haheo
258 773 273 794 ,
300 740 432 783 utrius
449 739 649 782 exercitus
663 736 729 800 sit
753 735 909 795 confhl.
940 737 1043 779 Non
1073 752 1143 797 ego
1168 735 1278 779 illud
1299 752 1408 794 par-

114 815 158 859 νί
185 815 332 880 aestimo
349 847 363 868 ,
395 814 572 867 milites,
597 812 710 871 quod
732 828 851 855 nemo
871 810 1039 873 vestrum
1067 809 1118 874 est
1133 844 1145 864 ‚
1176 807 1297 865 cujus
1321 826 1408 853 non

114 902 209 932 ante
240 891 381 932 oculos
407 886 491 946 ipse
512 885 623 945 slepe
649 887 829 930 militare
862 886 1037 945 aliquod
1069 885 1265 929 ediderim
1289 882 1410 942 saci·

115 977 198 1006 nus
214 978 234 1015 ,·
269 962 334 1005 cui
366 977 454 1004 non
493 960 601 1003 idem
632 976 702 1019 ego
720 993 734 1015 ‚
768 959 936 1004 virtutis
956 958 1166 1018 speclator
1193 974 1242 1001 ac
1273 956 1410 1022 testis,

115 1049 262 1078 notata
293 1034 540 1093 temporibus
571 1032 749 1093 locisque
787 1031 926 1090 referre
945 1032 1035 1092 sica
1060 1031 1211 1094 poffim
1249 1033 1411 1077 decora·

120 1108 226 1151 Cum
258 1108 448 1151 laudatis
466 1124 494 1151 a
518 1124 586 1161 gne
615 1107 766 1151 millies
786 1105 1028 1165 donatisque
1043 1139 1058 1160 ‚
1078 1107 1276 1149 alumnus
1288 1105 1411 1163 prius

118 1182 304 1225 omnium
332 1179 499 1245 vestrum
520 1213 533 1235 ‚
561 1197 683 1240 quam
705 1181 953 1239 imperator,
977 1178 1202 1238 procedam
1221 1178 1308 1222 acie
1326 1177 1412 1224 ade

116 1250 254 1310 versus
279 1252 444 1312 ignotos
474 1252 582 1295 inter
593 1249 644 1309 fi
663 1248 986 1310 ignorantesque.

182 1321 348 1378 XLIV.
381 1323 638 1384 Quocunque
657 1323 889 1368 circumtuli
923 1325 1087 1379 oculos,
1111 1325 1240 1382 plena
1264 1323 1411 1367 omnia

119 1399 241 1444 video
260 1398 498 1442 animorum
521 1415 572 1442 ac
591 1397 749 1442 roboris
761 1414 781 1451 ;
803 1412 1037 1441 veteranum
1057 1397 1238 1454 peditem
1252 1429 1264 1447 ‚
1286 1411 1411 1456 gene-

120 1471 407 1536 rffffimarum
426 1476 609 1534 gencium
628 1474 775 1532 equites
780 1471 976 1530 frenatos
998 1468 1040 1516 δ’
1058 1470 1291 1529 infrenatos
1304 1505 1317 1526 ‚
1336 1487 1413 1517 vos

109 1546 253 1607 βείω
273 1546 537 1609 fideliffi'mos
548 1544 876 1607 fortiſjimosque
891 1579 904 1603 ,
925 1563 1001 1590 vos
1024 1543 1382 1606 Carthaginienses
1397 1579 1415 1600 ‚

122 1636 214 1664 cum
242 1620 292 1663 ob
317 1620 506 1678 patriam
528 1651 542 1675 ,
580 1633 666 1662 turn
697 1619 746 1662 ob
780 1619 886 1662 iram
915 1616 1215 1683 justiffimam,
1242 1633 1412 1677 pugna-

123 1706 250 1738 turos·
282 1690 508 1749 Inferimus
530 1692 678 1736 bellum
694 1725 708 1748 ‚
732 1689 1112 1757 infistffquestgnis
1133 1690 1415 1751 descendimus

125 1766 172 1809 in
191 1767 362 1811 Italiam
375 1796 389 1820 ,
407 1781 526 1811 tanto
543 1767 749 1811 audacius
755 1763 991 1824 fortiusque
998 1766 1235 1827 pugnaturi
1246 1798 1260 1820 ,
1278 1783 1418 1826 quan·-

125 1855 168 1884 ιο
188 1837 330 1895 major
343 1838 443 1899 spes
457 1873 472 1896 ‚
493 1837 634 1896 major
655 1838 707 1903 est
726 1839 894 1883 animus
920 1837 1135 1896 inferentis
1154 1840 1241 1884 vim
1256 1873 1272 1894 ,
1293 1857 1417 1899 quam

127 1914 318 1957 arcentis.
349 1913 557 1957 Accendit
576 1927 770 1972 praeterea
795 1911 961 1955 animos
993 1907 1036 1956 ὃ·
1049 1911 1246 1977 stimulat
1271 1913 1419 1968 dolor,

128 1983 320 2040 injuria,
352 1987 602 2045 indignitas.
636 1985 697 2030 ad
712 1980 973 2044 supplicium
1006 1983 1327 2043 depoposcerunt
1357 2002 1420 2029 mc

129 2060 271 2104 ducem
291 2059 477 2118 primum
493 2092 506 2116 ,
539 2059 684 2102 deinde
711 2074 788 2102 vos
806 2073 946 2102 omnes
962 2091 978 2112 ‚
1007 2058 1080 2116 qui
1092 2058 1327 2118 Saguntum
1345 2076 1421 2117 op-

124 2130 415 2195 pugnaffetis:
452 2132 613 2178 deditos
644 2133 805 2176 ultimis
839 2132 1087 2176 cruciatibus
1115 2129 1299 2194 affifluri
1315 2131 1423 2190 fice-

130 2222 241 2253 runt.
276 2204 560 2267 Crudeliffi'ma
588 2223 637 2250 ac
653 2204 824 2265 stiperbi
853 2222 940 2249 zma
955 2205 1152 2265 genssua
1171 2207 1314 2250 omnia
1321 2205 1424 2265 sui-

130 2296 204 2339 que
229 2280 389 2325 arbitrii
400 2277 529 2336 facit.
563 2296 652 2324 cum
677 2279 822 2338 quibus
841 2280 990 2324 bellum
1008 2312 1020 2334 ‚
1057 2296 1147 2323 cum
1178 2280 1324 2339 quibus
1334 2296 1422 2339 pa-

132 2367 214 2395 cem
234 2352 457 2396 habeamus
469 2385 484 2406 ,
499 2351 551 2410 se
569 2351 740 2396 modum
759 2351 962 2409 imponere
987 2367 1145 2410 aequum
1163 2349 1293 2410 censet
1308 2367 1323 2394 .·
1346 2351 1423 2394 cir-

134 2423 366 2483 cumscribit
381 2426 635 2485 includitque
653 2441 732 2469 nos
747 2425 935 2470 terminis
951 2426 1156 2470 montium
1168 2425 1426 2489 fluminum-

136 2512 210 2555 que
223 2528 240 2556 ,
266 2512 366 2555 quos
390 2513 440 2544 ne
458 2498 704 2546 excedamus
718 2513 737 2545 .·
762 2513 889 2558 neque
914 2514 1009 2554 eos,
1030 2514 1130 2557 quos
1156 2496 1331 2558 statuit,
1348 2508 1426 2545 tere

1034 2569 1183 2627 31³4
