1701 3008
289 217 380 266 292
447 193 1093 248 JO.FRE1NSHEM11
1141 192 1503 240 SUPPLEM.

276 310 471 363 subvertere
487 337 497 355 ‚
529 305 589 358 qui
612 302 825 355 Reipublicae
847 302 964 354 nostrae
989 300 1164 354 principes
1187 299 1221 337 ὃ*
1251 299 1426 339 columina
1449 301 1566 338 haberi

285 368 424 407 volunt.
453 369 554 417 Quos
569 363 718 417 profeblo
729 362 825 416 juris
852 362 964 404 omnis
983 361 1322 415 peritzſjimostlatere
1349 377 1419 401 non
1438 363 1568 415 potest,

285 445 361 472 cum
376 429 536 484 pluribus
563 428 601 465 in
622 426 756 479 legibus
775 424 878 464 nulla
889 425 938 475 fit
957 424 1113 477 expreffiz
1130 423 1307 462 mulierum
1321 424 1448 462 mentio
1462 453 1473 472 ,
1494 438 1569 476 ver-

286 495 329 532 bo
348 491 475 545 siquis
488 522 499 539 ,
518 489 733 541 &similibus
750 519 761 538 ,
777 503 848 527 non
878 488 994 526 minus
1020 488 1119 525 illum
1141 489 1266 540 fixum
1280 517 1290 535 ⁷
1313 501 1416 539 quam
1439 489 1571 539 mascu-

284 556 395 594 linum
425 552 602 592 continerL
646 551 747 602 Quid
767 550 875 602 igitur
900 549 1043 597 mirum,
1050 550 1089 601 fi
1100 549 1216 602 leges,
1247 562 1320 601 quae
1335 551 1376 587 de
1400 547 1572 601 majestate

285 617 366 655 lata
383 617 491 666 funt,
509 614 560 651 ad
584 610 756 650 utrumvis
774 610 898 663 sexum
914 610 1080 662 pertinere
1106 610 1298 656 credimus,
1326 624 1399 647 cum
1415 609 1572 661 exemplo

276 680 328 730 fit
352 678 461 730 ifllzaec
481 676 648 722 Claudia,
673 674 718 712 ab
745 674 878 711 utrovis
899 673 936 710 in
957 687 1016 710 eas
1035 673 1172 724 peccari
1193 672 1322 725 poffi?
1340 674 1412 711 Sed
1434 672 1572 710 elevant

283 739 340 778 illi
365 752 429 776 rem
443 767 452 783 ,
468 749 679 788 parvumque
695 733 805 771 ¹videri
821 733 978 771 deliHum
992 731 1136 781 volunt,
1154 735 1248 785 quod
1265 733 1359 773 ultra
1384 735 1489 772 verba
1502 748 1570 772 non

280 799 492 855 proceſjiffet.
515 799 598 836 Hoc
618 797 706 835 enim
726 795 869 847 restabat
885 824 895 842 ,
913 806 951 833 ut
977 807 1137 833 conatum
1154 826 1164 843 ,
1186 795 1338 848 studium
1351 827 1362 842 ‚
1374 794 1475 848 fsu‘la
1489 810 1573 834 con-

279 862 464 917 jungeret,
485 873 560 897 cum
581 858 700 896 Poenis
719 855 860 907 confilia
877 856 1029 908 fhciaret
1043 885 1054 904 ,
1080 858 1283 895 centuriaret
1311 858 1487 905 homines,
1515 871 1573 894 ar-

287 935 394 963 maret
413 923 589 977 semina,
613 930 790 972 occuparet
814 917 1048 971 Capitolium,
1076 920 1112 957 δ’
1133 920 1256 972 pestem
1273 949 1284 967 ‚
1310 933 1413 971 quam
1436 919 1572 957 civibus

288 989 389 1027 ¹verbo
415 996 581 1033 voverat,
607 997 704 1036 opere
728 995 859 1034 quoque
884 981 960 1033 ipso
988 982 1022 1019 δ’
1044 994 1147 1018 manu
1173 979 1342 1032 inferret?

342 1047 465 1089 XLII.
500 1046 613 1098 Atqui
641 1044 774 1097 legibus
792 1040 943 1094 profeHo
967 1057 1036 1080 non
1054 1040 1156 1094 fhfla
1180 1043 1314 1095 magis,
1339 1056 1441 1095 quam
1463 1042 1572 1092 confi-

286 1112 369 1151 lium
395 1108 430 1146 G·
455 1109 594 1146 animus
617 1104 800 1158 patrantis
821 1103 1031 1156 puniuntur.
1066 1118 1170 1156 neque
1196 1103 1285 1142 enim
1297 1105 1335 1154 fi
1356 1104 1440 1156 quid
1455 1103 1572 1156 furio-

281 1176 348 1230 sus
372 1185 434 1211 aut
457 1170 580 1224 infans
597 1169 736 1215 nocuit,
753 1167 834 1222 Jure
855 1168 1022 1220 adversus
1040 1182 1112 1206 eum
1128 1168 1273 1220 prodita
1293 1168 1336 1221 est
1359 1167 1473 1206 aelio.-
1495 1168 1573 1205 ani-

289 1236 336 1275 mi
360 1249 440 1274 vero
465 1232 625 1286 cujusque
652 1230 772 1269 multis
795 1230 832 1267 in
860 1230 972 1279 causis
997 1244 1066 1267 non
1096 1230 1209 1268 minus
1239 1242 1330 1268 certa
1358 1244 1403 1267 ex
1436 1229 1571 1277 verbis,

287 1314 389 1353 quam
409 1313 452 1336 ex
467 1296 639 1349 operibus,
656 1293 788 1332 indicia
808 1304 982 1345 petuntur.
1003 1294 1090 1344 Quae
1103 1294 1157 1344 sic
1175 1305 1297 1346 optat,
1315 1293 1403 1345 quid
1415 1294 1571 1344 fizceret,

278 1363 317 1414 fi
329 1358 445 1412 facere
468 1357 561 1409 quod
578 1367 693 1408 optet,
715 1354 752 1391 in
776 1351 851 1406 ejus
875 1366 982 1391 manu
1002 1352 1111 1405 effet?
1131 1355 1290 1405 Quodsi
1310 1354 1456 1391 aliorum
1477 1367 1567 1405 quo-

288 1436 353 1474 que
381 1420 554 1458 hominum
572 1415 714 1470 judicia
746 1430 818 1453 non
852 1415 1098 1453 contemnimus
1124 1414 1211 1468 (cur
1239 1411 1356 1452 autem*
1378 1426 1573 1452 contemna-

291 1498 367 1522 mus
383 1483 435 1531 Ρ)
462 1483 565 1520 etiam
598 1480 687 1517 alibi
715 1493 778 1532 pro
795 1479 922 1532 scelere
949 1478 1105 1516 habitum
1134 1478 1415 1530 vindicatumque
1442 1478 1485 1529 est
1510 1476 1573 1530 im-¹

287 1547 386 1600 pium
413 1555 544 1582 votum.
578 1541 735 1581 Athenis
751 1570 762 1589 ,
788 1553 860 1592 quae
887 1539 1027 1578 Graeciae
1053 1538 1182 1577 civitas
1198 1553 1270 1592 prae
1294 1539 1413 1577 ceteris
1430 1537 1574 1591 stipien-

290 1608 347 1646 tiae
379 1605 545 1643 laudibus
571 1602 667 1641 clara
691 1602 860 1648 habetur,
881 1602 1067 1638 damnatus
1090 1600 1156 1652 est,
1179 1600 1238 1652 qui
1261 1613 1422 1651 magnum
1445 1599 1573 1636 lucrum

290 1676 499 1720 optaverat,
526 1675 601 1699 cum
628 1674 704 1698 nece
737 1660 813 1696 aria
842 1656 1029 1710 funeribus
1070 1658 1442 1703 curandis‘venderet,
1482 1657 1577 1708 quod

290 1726 449 1780 consequi
469 1723 561 1778 poffe
576 1737 646 1761 non
671 1721 879 1768 videbatur,
904 1720 970 1770 nisi
985 1720 1084 1758 multi
1110 1718 1271 1757 mortales
1293 1717 1492 1769 interiffent.
1522 1718 1575 1755 Et

293 1803 407 1830 tamen
431 1788 508 1826 illis
535 1788 576 1825 ir't
598 1784 711 1825 verbis
738 1783 850 1821 locum
873 1783 995 1820 habere
1017 1793 1152 1835 poterat
1178 1781 1291 1818 mitior
1315 1780 1575 1833 interpretatio:

295 1856 366 1895 Jzaec
388 1868 456 1893 non
480 1851 637 1903 ambigue
662 1862 767 1901 neque
786 1846 948 1900 perplexe
964 1876 975 1894 ‚
995 1846 1140 1884 exitium
1155 1845 1314 1892 civibus,
1331 1845 1460 1883 cladem
1480 1857 1575 1882 exer-

294 1917 411 1964 citui,
432 1915 666 1954 calamitatem
686 1910 899 1964 Reipublicae
923 1910 1070 1962 optavit.
1106 1909 1254 1948 Utinam
1270 1905 1387 1959 frater
1406 1921 1499 1945 meus
1525 1921 1575 1945 re-

293 1977 499 2031 vivisceret!
524 1985 640 2012 votum
657 1972 864 2025 improbum,
889 1970 1019 2020 etiamst
1043 1970 1172 2022 fratris
1187 1972 1293 2022 causa
1307 1971 1361 2021 fic
1377 1968 1570 2021 optaviſjet.

350 2038 492 2081 XLIII.
530 2039 600 2077 Cur
611 2037 698 2075 enirn
720 2035 777 2073 illi
799 2035 967 2073 reddenda
990 2035 1066 2072 vita
1087 2033 1186 2086 effet,
1202 2032 1301 2086 cujus
1325 2047 1427 2085 opera
1447 2043 1498 2070 tot
1524 2032 1573 2070 ci-

296 2101 392 2142 vium
417 2100 573 2138 millibus
600 2109 714 2150 erepta
737 2098 811 2149 est?
836 2097 895 2148 qui
919 2096 1179 2148 Rempublicam
1204 2109 1275 2132 non
1296 2093 1412 2131 minus
1431 2108 1493 2146 per
1512 2093 1576 2145 fit-

293 2160 449 2216 perbiam
475 2159 631 2213 despexit
647 2187 658 2206 ‚
678 2171 780 2209 quam
791 2171 854 2210 per
867 2157 1086 2195 temeritatem
1102 2157 1278 2210 afflixerat
1293 2158 1313 2194 ,Ρ
1333 2155 1391 2207 qui
1406 2154 1575 2206 prendam-

296 2235 403 2262 natus
429 2224 581 2262 omnium
602 2221 777 2260 hominum
794 2221 999 2274 sententiis,
1024 2234 1093 2257 non
1119 2217 1300 2270 infamiam
1325 2216 1403 2268 ejus
1418 2216 1573 2268 judicii,

287 2287 356 2340 sed
374 2299 507 2337 poenam
531 2286 613 2338 casu
632 2284 783 2338 effugit?
823 2284 935 2321 Hunc
961 2295 998 2320 tu
1013 2313 1024 2330 ‚
1038 2284 1076 2334 fi
1093 2282 1236 2334 saperes
1252 2311 1263 2326 ‚
1290 2292 1426 2332 optares
1449 2279 1575 2317 revivi-

289 2351 382 2403 scere
399 2350 418 2387 ,Ρ
448 2348 550 2401 cujus
565 2349 601 2398 fi
623 2348 814 2386 memoriam
840 2350 951 2385 eodem
979 2345 1108 2384 tumulo
1131 2343 1294 2397 potuisset
1321 2344 1478 2388 obruere,
1510 2355 1576 2393 quo

297 2410 427 2449 cineres
450 2421 632 2460 teguntur,
659 2409 753 2446 nilzil
778 2408 959 2459 antiquius
988 2407 1109 2443 habere
1137 2404 1308 2456 debmffet.
1348 2404 1576 2455 Quemadmo-

347 2525 370 2570 ς
396 2523 480 2558 XLI.
500 2523 536 2560 L.
556 2535 585 2558 ι.
610 2522 647 2560 ff.
669 2522 708 2558 de
728 2521 771 2558 V.
795 2521 826 2557 S.
854 2519 992 2574 §XI-11.
1015 2520 1129 2554 Senec.
1156 2520 1196 2554 de
1223 2519 1333 2555 benef.
1349 2517 1409 2564 36,
1435 2518 1489 2561 38.
