1701 3008
299 187 371 235 IN
417 186 590 233 [οε.
628 186 767 232 Lm.
807 183 922 232 xx
969 160 1115 232 121v.
1306 195 1390 249 333

111 297 221 337 enim
255 303 390 335 exorta
428 293 553 333 fuerat
587 294 625 332 in
661 282 772 333 Urbe
795 291 1041 342 indignatio,
1071 300 1118 331 ut
1150 293 1399 333 redeuntibus

113 357 336 398 consulibus
363 369 488 406 neque
523 355 676 394 obviam
712 366 761 393 ex
788 366 894 392 more
920 354 1068 402 iretur3
1106 353 1400 404 triumphusque

115 434 196 461 non
222 420 263 461 C.
290 419 479 460 Flaminio
510 420 653 467 modo,
676 418 741 457 scd
765 416 804 455 in
825 417 907 466 ejus
930 416 1064 456 odium
1091 417 1207 455 etiam
1232 416 1269 456 P.
1291 417 1399 457 Philo

113 491 329 532 negaretur.
361 482 419 521 Ad
435 489 649 519 extremum
669 479 710 519 C.
726 478 905 519 Flaminii
930 490 1088 529 magnus
1112 478 1214 529 apud
1242 477 1399 529 plebem

115 543 226 584 favor
246 544 365 584 vicit:
399 544 503 594 isque
534 543 775 594 triumphans
807 542 950 583 Urbem
981 541 1161 592 ingressus
1192 542 1269 591 est,
1300 557 1331 581 a.
1364 543 1401 583 d.

116 606 171 645 VI
193 606 283 646 Idus
307 605 474 646 Martias.
513 604 638 645 Multa
658 605 694 643 in
716 618 762 643 eo
787 603 984 653 triumpho
1007 602 1189 642 translata
1208 603 1294 643 sunt
1317 603 1403 654 spo-

116 667 194 716 lia,
222 681 358 718 magna
392 669 449 706 vis
472 680 665 706 armorum
688 681 697 707 :
722 674 876 717 torques
904 665 1039 704 itidem
1072 665 1174 705 aurei
1196 665 1401 717 permulti,

117 743 169 771 ex
198 730 336 781 quibus
361 738 548 780 tropaeum
572 730 657 778 Jovi
684 729 726 768 C.
743 728 949 768 Flaminius
976 729 1015 767 in
1036 729 1230 780 Capitolio
1254 729 1402 780 posuit,

119 793 266 833 inverso
290 791 491 832 Gallorum
513 799 630 839 voto,
656 791 721 842 qui
736 793 776 829 de
792 791 924 844 spoliis
943 793 1179 829 Romanorum
1200 794 1317 831 Marti
1334 794 1403 846 suo

115 867 266 910 torquem
293 855 558 907 promiserant.
595 855 700 896 Alter
727 867 816 893 mox
842 852 976 893 consul
1001 854 1050 892 de
1081 853 1197 894 Gallis
1227 857 1263 895 ἃ
1290 855 1404 906 Ligu-

119 916 224 956 ribus
255 915 494 967 triumphum
519 915 597 967 egit
619 929 652 955 a.
678 915 714 956 d.
736 915 792 954 'IV
819 914 912 953 Idus
941 912 1114 954 Martias.

176 978 238 1020 LI.
277 980 339 1020 Sic
367 980 487 1030 magis
510 978 695 1027 accensa,
725 991 838 1029 quam
868 977 990 1026 vista,
1021 976 1183 1016 Senatus
1212 976 1301 1016 odia
1325 990 1404 1016 non

117 1041 316 1093 quievere,
340 1042 464 1080 donec
491 1040 664 1080 consules
691 1039 815 1079 statim
847 1036 1060 1077 secundum
1079 1035 1319 1087 triumphum
1340 1036 1407 1076 ab-

121 1105 252 1144 dicare
277 1103 364 1144 sunt
393 1105 526 1145 coacti.
573 1104 655 1145 Pari
692 1103 890 1142 severitate
918 1099 986 1140 sub
1012 1100 1118 1139 idem
1146 1099 1225 1139 fere
1252 1109 1407 1151 tempus

119 1166 191 1205 viri
219 1166 410 1206 clarissimi
443 1167 519 1206 duo
550 1165 751 1205 sacerdotii
780 1163 927 1202 honore
960 1169 1193 1201 caruerunt:
1232 1161 1288 1202 Μ.
1317 1161 1408 1201 Cor-

120 1228 244 1268 nelius
261 1229 454 1280 Cethegus
470 1228 566 1268 extis
583 1241 662 1268 non
677 1228 748 1266 rite
765 1225 972 1277 porrectis·
963 1255 973 1273 ‚
999 1226 1048 1274 Q.
1064 1222 1282 1274 Sulpicius,
1301 1223 1408 1274 quod

122 1293 223 1331 inter
245 1292 539 1331 sacrificandum
567 1302 667 1341 apex
693 1290 726 1329 ei
750 1290 798 1329 de
814 1289 936 1339 capite
957 1287 1178 1326 defluxerat.
1213 1285 1311 1325 Cum
1328 1299 1410 1326 ma-

124 1356 277 1407 gistratu
313 1354 487 1395 consules
522 1353 744 1401 abivillent‚
771 1352 927 1392 comitia
961 1363 1027 1401 per
1062 1350 1289 1400 interregem
1322 1348 1408 1387 sunt

122 1421 278 1468 habita,
298 1419 438 1471 quibus
454 1417 589 1457 consul
614 1417 737 1456 faetus
758 1415 815 1463 Μ.
835 1413 1017 1455 Claudius
1039 1412 1093 1453 M.
1109 1412 1151 1452 F.
1168 1412 1225 1452 Μ.
1243 1412 1289 1452 Ν.
1309 1410 1411 1451 Mar-

123 1482 244 1523 cellus
259 1515 269 1531 ‚
291 1483 355 1534 qui
380 1481 598 1532 magistratu
619 1479 716 1517 inito
733 1477 923 1528 collegam
955 1475 1086 1514 ascivit
1103 1475 1172 1515 Cn.
1190 1460 1411 1514 Cornelium

123 1543 167 1586 L.
194 1544 234 1585 F.
256 1544 297 1585 L.
318 1545 367 1585 N.
395 1543 612 1593 Scipionem
647 1539 820 1580 Calvum.
860 1540 911 1579 Hi
938 1550 1073 1588 pacem
1101 1535 1323 1588 petentibus
1348 1536 1413 1576 ln-

122 1606 301 1647 'subribus
324 1606 510 1654 restitere,
535 1605 592 1645 M.
615 1602 803 1644 Marcello
827 1600 1061 1654 potissimum
1091 1599 1302 1650 cupiditate
1326 1611 1413 1650 pro-

123 1669 259 1708 vinciae
283 1667 546 1718 triumphique
577 1665 819 1704 conditiones
847 1676 980 1703 omnes
1004 1662 1252 1712 aspernante:
1285 1659 1350 1699 sed
1375 1662 1412 1700 δε

125 1731 193 1782 ipfi
212 1729 312 1771 Galli
334 1729 424 1769 belli
454 1730 606 1780 potius⁷
630 1740 743 1778 quam
767 1727 861 1775 otii,
878 1725 1030 1765 consilia
1054 1725 1212 1763 tractare
1233 1722 1416 1762 videban-

126 1801 213 1842 tur,
229 1805 318 1832 cum
345 1793 394 1832 de
416 1793 562 1842 integro
584 1791 761 1830 mercede
789 1790 979 1829 conducta
1001 1786 1232 1827 Gaesatarum
1259 1785 1414 1836 triginta

130 1855 253 1896 millia
269 1854 451 1905 superatis
468 1853 626 1906 Alpibus
651 1853 767 1905 longe
792 1854 980 1903 majorem
999 1849 1217 1891 Insubrium
1245 1848 1417 1888 multitu-

129 1919 261 1957 dinem
287 1917 548 1958 conciviffent.
1221 1911 1223 1913 ’

183 1980 265 2023 LII.
291 1980 397 2021 Bello
414 1980 462 2019 slc
478 1988 612 2019 exorto
627 2012 637 2027 ,
654 1980 815 2031 profecti
837 1979 961 2030 primo
980 1992 1068 2019 vere
1087 1977 1282 2025 consules,
1303 1979 1416 2018 Acer-

128 2056 188 2083 ras
212 2043 431 2096 (oppidum
459 2042 511 2081 est
539 2043 637 2081 inter
669 2043 810 2083 Padum
843 2045 878 2082 &
904 2041 1046 2092 Alpes)
1074 2040 1414 2080 circumsederunt.

131 2106 252 2154 Cujus
274 2104 472 2144 obsidione
489 2117 575 2142 cum
593 2103 785 2154 depellere
807 2105 1000 2144 Romanos
1018 2102 1174 2142 difficile
1195 2103 1415 2147 videretur;

130 2166 387 2213 Brstomarus,
404 2165 561 2203 assumta
579 2165 713 2203 decem
740 2164 903 2202 millium
931 2164 1160 2203 Gaesatarum
1186 2177 1323 2211 manu,
1341 2163 1421 2202 Cir-

129 2227 412 2278 cumpadanam
431 2227 622 2276 regionem
647 2227 787 2265 vastare
801 2226 971 2266 instituit.
995 2239 1070 2275 quo
1087 2232 1284 2275 comperto
1298 2256 1310 2274 ,
1325 2237 1421 2263 con-

130 2288 230 2328 sules
256 2289 307 2328 ita
332 2289 429 2334 inter
449 2288 492 2327 se
511 2289 635 2338 partiti
665 2288 749 2327 sunt
775 2290 905 2338 copias
922 2319 934 2335 ,
952 2296 993 2326 ut
1016 2288 1083 2327 Cn.
1106 2286 1303 2327 Cornelius
1325 2299 1417 2325 cum

133 2350 302 2389 exercitu
327 2349 472 2400 reliquo
507 2357 658 2401 urgeret
686 2350 957 2399 oblidioncm3
988 2351 1045 2391 M.
1080 2348 1284 2392 Marcellus
1322 2349 1417 2387 duas

186 2482 263 2556 SSL
289 2481 364 2513 Iiv.
385 2493 443 2518 υ.
461 2481 503 2519 6
526 2483 696 2523 3.Zona.r
717 2484 929 2519 Plutarchus.
957 2487 1031 2520 CI
1058 2484 1305 2528 (Εἰ-ἶρτοῐξῖοῑ.
1324 2493 1370 2522 2,
1386 2494 1421 2522 4,

147 2535 179 2568 4,
205 2526 304 2571 §.Li
326 2526 633 2563 llutc'ar.1u:.vai.
662 2532 755 2565 fila.
779 2543 892 2572 r,14.
923 2534 1041 2575 z'oiyh.
1063 2542 1098 2569 2,
1124 2540 1176 2572 34-
