1701 3008
298 192 363 239 74
460 178 584 227 ΤΙΤῙ
616 179 757 227 LIVII
792 181 1225 232 HISTORIARUM
1254 190 1359 236 LIB.
1388 191 1450 237 X.

299 285 386 332 bus
417 287 675 341 curulibus,
707 287 786 351 qui
818 305 896 335 eos
934 288 1066 337 ludos
1103 291 1333 355 fecerunt,
1362 298 1581 357 damnatis

300 356 474 419 aliquot
505 358 752 420 pecuariis3
789 359 865 406 via
897 378 922 406 a
952 362 1108 410 Martis
1137 364 1255 412 filice
1287 368 1343 413 ad
1379 370 1588 416 Bovillas-

299 429 512 493 perstrata
535 431 610 477 est.
630 431 828 479 Comitia
848 433 1098 482 consularia
1119 439 1166 484 L.
1186 439 1384 502 Papirius
1403 441 1581 492 habuit:

300 501 475 548 creavit
511 501 715 552 consules
750 504 810 564 Q.
841 504 1024 551 Fabium
1058 508 1249 554 Maximi
1281 508 1422 557 filium
1455 513 1584 558 Gur-

299 573 438 636 gitem
472 575 521 621 &
553 576 614 622 D.
642 575 824 622 lunium
857 578 1043 624 Brutun'i
1077 581 1295 629 Scaevam.
1333 582 1424 646 ipse
1450 585 1583 648 Papi-

299 647 393 694 rius
421 660 590 710 praetor
622 649 773 697 fafius.
816 650 972 697 Multis
1007 652 1139 699 rebus
1172 653 1296 701 laetus
1329 672 1473 702 annus
1502 657 1584 705 vix

299 720 357 766 ad
386 720 595 768 solatium
633 722 762 770 unius
797 723 931 782 mali,
953 723 1218 786 pestilentiae
1251 728 1420 779 urentis
1453 728 1584 776 fimul

301 788 460 842 urbam
489 808 622 859 atque
651 813 779 860 agros
805 796 1009 853 suffecit;
1031 811 1339 864 portentoque
1358 800 1446 862 jam
1469 803 1583 850 fimi-

301 865 358 913 lis
387 866 530 914 clades
564 881 669 915 erat.
721 870 772 916 &
816 868 918 914 libri
956 869 1096 930 aditi,
1128 872 1311 934 quinam
1345 872 1475 933 finis,
1509 887 1585 922 aut

300 942 428 1004 quod
453 944 699 990 remedium
727 941 823 1003 ejus
852 943 958 990 mali
982 943 1038 990 ab
1065 946 1169 993 Diis
1191 946 1382 994 daretur.
1416 949 1585 995 Inven-

301 1030 398 1062 tum
438 1016 484 1062 in
519 1016 675 1074 libris,
711 1015 1011 1080 AEsculapium
1039 1019 1096 1066 ab
1127 1020 1352 1082 Epidauro
1389 1021 1586 1071 Romam

303 1090 624 1138 arcessendum.
659 1106 806 1155 neque
842 1107 899 1137 eo
920 1107 1070 1151 anno,
1091 1093 1195 1157 quia
1224 1094 1345 1142 bello
1373 1098 1583 1160 occupati

305 1162 509 1210 consides
546 1175 672 1210 erant
692 1198 706 1221 ‚
741 1162 986 1227 quidquam
1019 1164 1074 1210 de
1104 1181 1154 1212 ea
1183 1182 1231 1213 re
1260 1168 1433 1216 auum:
1466 1188 1585 1232 prae-

304 1236 675 1357 zerqtlamstquod
706 1252 846 1284 unum
879 1235 997 1283 diem
1027 1236 1283 1302 AEsculapio
1316 1239 1583 1305 supplicatio

338 1308 453 1357 abita
482 1325 506 1357 e
549 1343 561 1358 .
