1701 3008
275 171 367 231 316
435 172 526 218 JO.
562 173 1065 219 FREINSHEMII
1099 175 1460 227 SUPPLEM.

327 277 473 317 XVIII.
514 279 651 329 Neque
682 285 813 317 tamen
840 278 1016 319 destitere
1046 279 1149 321 bello
1171 282 1302 332 Sardi,
1329 282 1395 323 sed
1429 285 1564 326 irritati

271 342 401 392 potius
423 343 571 381 damnis
601 342 699 390 suis,
723 356 838 393 quam
862 343 998 392 fradri,
1022 347 1157 394 majori
1186 346 1289 385 mole
1313 347 1564 388 rebellionem

273 404 534 444 instaurarunt,
575 405 699 445 Ambo
722 405 839 456 igitur
865 406 1040 446 consules
1064 408 1124 448 Μ.
1153 408 1331 448 AEmilius
1357 410 1414 450 M.
1441 410 1481 450 F.
1505 411 1564 454 M.

272 467 322 506 Ν.
350 467 517 517 Lepidus
533 498 544 516 .,
568 468 623 507 Μ.
652 467 847 508 Publicius
872 469 912 508 L.
940 469 982 508 F.
1007 470 1047 510 L.
1064 471 1119 517 N.
1140 470 1347 510 Malleolus
1372 473 1412 511 in
1440 474 1566 513 Sardi-

273 528 374 566 niam
405 529 527 578 milli⁷
554 543 735 581 magnam
756 543 803 569 ex
831 543 874 569 ea
894 529 1015 570 insula
1042 531 1213 581 praedam
1237 544 1421 583 coegere:
1447 548 1563 584 quam
1632 544 1634 546 ’

277 590 444 639 deinde,
476 604 565 631 cum
593 594 632 631 in
665 592 855 632 Corficam
885 592 1186 642 transmifissent‚
1215 602 1383 645 ereptam
1403 609 1424 634 a
1443 596 1564 636 Corfis

273 651 492 691 amiserunt.
535 653 650 692 Domi
686 667 840 704 quoque
871 652 1119 693 vehementer
1149 669 1194 694 eo
1229 665 1405 706 tempore
1432 657 1561 697 turba-

272 720 383 753 tum:
418 715 603 764 agrariam
629 715 755 765 legem
787 716 934 755 ferente
954 717 1111 756 tribuno
1138 717 1260 767 plebis
1288 719 1330 758 C.
1348 719 1562 767 flaminio,

271 787 312 813 ut
341 777 493 815 Picenus
517 790 618 830 atque
645 779 809 817 Gallicus
836 792 950 831 ager,
980 779 1039 830 qui
1069 783 1245 818 Senonum
1279 781 1462 820 Gallorum
1480 782 1566 837 fite..

271 850 353 888 rat,
371 841 502 893 populo
522 841 657 879 viritim
678 841 903 880 divideretur.
939 841 1149 881 Refistebat
1170 841 1260 881 huic
1283 844 1424 883 actioni
1449 845 1564 887 Sena-

270 908 359 950 tus,
395 917 520 953 neque
551 903 728 954 precibus
759 904 862 953 apud
891 904 1112 952 tribunum,
1142 917 1266 955 neque
1299 906 1412 945 minis
1445 907 1561 947 absti-

270 976 389 1012 nens,
414 966 604 1015 postremo
636 966 727 1004 dato
761 965 1042 1015 magistratibus
1070 966 1226 1016 negotio
1243 997 1256 1014 ,
1278 976 1322 1005 ut
1348 969 1561 1009 exercitum

271 1027 577 1075 conscriberent,
606 1041 682 1078 quo
708 1025 1007 1077 Rempublicam
1031 1035 1268 1070 tutarentur:
1293 1043 1417 1081 neque
1439 1032 1561 1071 dimo-

270 1087 347 1126 veri
373 1102 393 1126 a
423 1088 608 1136 sententia
640 1089 680 1129 C.
702 1082 913 1129 Flaminius
934 1091 1089 1140 potuit,
1106 1090 1308 1131 adversum
1328 1093 1405 1132 vim
1427 1102 1561 1134 contu-

271 1163 382 1197 max,
415 1154 450 1191 ἃ
482 1152 658 1202 precibus
687 1154 947 1194 inexorabilis.

338 1215 452 1255 XIX.
492 1217 699 1256 Monuerat
730 1230 819 1256 eum
857 1226 965 1268 pater
1005 1232 1182 1269 quoque,
1210 1232 1248 1258 ut
1279 1221 1458 1260 voluntati
1490 1226 1560 1262 Se-

271 1288 382 1314 natus
409 1279 563 1325 cederet,
595 1294 700 1331 neque
719 1281 908 1332 seditionis
932 1284 1049 1319 αιιὲἵσν
1077 1282 1195 1320 audire
1224 1283 1339 1323 vellet.
1386 1285 1462 1324 Sed
1493 1283 1560 1324 ille

269 1338 464 1388 perlistens
491 1341 533 1378 in
570 1340 783 1391 sententia,
813 1351 951 1382 vocata
988 1346 1176 1384 concione
1196 1376 1207 1393 ‚
1239 1347 1400 1386 recitare
1433 1347 1559 1398 legem

270 1398 445 1438 instituit.
474 1408 559 1440 tum
590 1415 681 1441 vero
714 1410 822 1453 pater
851 1404 1061 1444 Flaminius
1095 1406 1229 1446 dolore
1262 1408 1397 1447 ardens
1427 1409 1559 1448 acces-

270 1459 316 1498 slt
349 1462 396 1500 ad
432 1462 587 1510 Rostra,
620 1472 921 1516 correptumque
960 1479 1075 1506 manu
1116 1467 1238 1507 filiurn
1270 1469 1442 1510 detraxit.
1483 1473 1557 1512 mi-

272 1534 436 1572 rumque
464 1525 516 1563 est
549 1526 772 1576 exemplum
806 1528 952 1567 editum
984 1529 1057 1567 five
1087 1529 1262 1579 pietatis,
1296 1531 1370 1570 five
1403 1545 1558 1573 venera-

269 1585 414 1634 tionis,
441 1599 513 1636 qua
549 1595 633 1626 tum
671 1587 847 1627 homines
878 1592 938 1638 jus
970 1591 1100 1641 patriae
1128 1592 1322 1641 potestatis
1357 1593 1558 1644 proseque-

270 1644 422 1687 bantur.
462 1649 527 1697 qui
560 1650 663 1688 enim
699 1651 858 1691 universi
892 1653 1052 1692 Senatus
1086 1653 1390 1704 indignationem
1420 1655 1557 1696 minas-

271 1719 344 1757 que
381 1718 526 1748 atroces
556 1712 809 1751 contemserat
831 1743 841 1761 ,
877 1713 915 1751 in
959 1715 1126 1754 maximo
1167 1714 1293 1755 calore
1329 1717 1553 1768 perficiundi

271 1771 398 1819 operis
415 1801 428 1817 ‚
453 1771 689 1822 inspedrante
713 1773 828 1824 plebe
856 1775 1051 1824 Romana,
1075 1777 1177 1827 apud
1204 1790 1319 1828 quam
1346 1779 1554 1829 gratiofiffi-

268 1843 332 1868 ma
361 1839 438 1870 erat
466 1834 633 1874 ferendae
660 1835 753 1886 legis
776 1834 943 1883 mentio,
973 1837 1085 1876 unius
1115 1836 1211 1876 senis
1236 1851 1350 1878 manu
1380 1840 1428 1878 de
1450 1839 1556 1890 supe-

268 1892 366 1931 riore
395 1893 482 1933 loco
516 1895 662 1935 detrahi
686 1896 809 1945 paffus
834 1897 896 1936 est.
929 1898 1011 1936 Nec
1043 1898 1259 1937 omittenda
1290 1901 1485 1939 concionis
1512 1902 1553 1940 in

267 1953 347 1994 hoc
378 1958 532 2006 negotio
565 1959 748 1999 modestia
775 1973 783 1998 :
821 1973 902 2009 quae
930 1959 1020 1998 licet
1055 1960 1160 1999 abiru
1192 1960 1331 1999 tribuni
1361 1961 1441 2011 spes
1472 1961 1554 2003 suas

270 2016 423 2056 destitui
452 2020 623 2069 videret,
653 2033 700 2059 ne
734 2021 897 2059 minimo
933 2020 1087 2070 quidem
1118 2034 1311 2060 murmure
1338 2022 1482 2062 factum
1511 2024 1554 2063 il.

270 2076 342 2115 lius
361 2079 604 2129 improbavit.
642 2080 767 2120 Dilata
790 2090 916 2121 tamen
939 2082 1014 2121 hoc
1040 2083 1157 2121 modo
1175 2084 1301 2133 potius
1316 2114 1327 2131 ‚
1345 2097 1456 2134 quam
1479 2086 1554 2124 evi-

271 2144 350 2176 tata
374 2138 434 2178 lex
463 2141 536 2189 est,
563 2141 603 2181 C.
622 2140 788 2181 Carvilio
818 2143 974 2182 tribuno
1002 2144 1126 2194 plebis
1155 2143 1343 2194 collegam
1369 2146 1552 2194 adjuvan-

270 2209 338 2241 te:
374 2202 477 2250 quod
502 2204 657 2253 quidem
690 2205 840 2244 initium
871 2206 970 2255 fuit,
999 2208 1034 2246 Sc
1064 2208 1351 2257 corrumpendae
1392 2207 1513 2257 plebis
1536 2241 1547 2259 ‚

273 2264 308 2301 6:
327 2263 459 2302 Gallici
481 2266 593 2314 belli,
611 2268 714 2317 quod
739 2271 875 2308 oe‘ravo
899 2270 982 2320 post
1003 2270 1225 2310 divisionem
1242 2270 1318 2320 agri
1333 2271 1467 2310 Gallici
1487 2285 1554 2311 an-

270 2336 321 2361 no
337 2354 349 2374 ,
374 2326 629 2375 gravissimum
654 2337 829 2369 exortum
851 2331 914 2370 est.
1569 2339 1574 2344 ’

324 2459 344 2497 Ε
369 2459 492 2493 XVIII.
522 2460 643 2494 Zonar.
669 2461 785 2504 Polyb.
804 2462 843 2502 6,
865 2474 907 2503 2,
928 2473 980 2495 21.
1011 2462 1087 2496 Val.
1113 2463 1203 2496 Max.
1229 2475 1263 2506 5,
1280 2475 1368 2509 4‚3.
1394 2465 1428 2509 §.
1454 2463 1546 2497 XIX.

274 2502 345 2537 Cic.
380 2505 420 2538 de
444 2505 575 2539 invent.
596 2518 627 2548 2,
648 2518 697 2547 17.
721 2508 795 2544 Val.
817 2507 912 2542 Max.
934 2507 1052 2552 Polyb.
1075 2519 1112 2549 2,
1133 2519 1187 2552 23.
