1701 3008
241 223 790 272 HlsTORIARUM
832 222 969 269 LIB.
1009 221 1163 269 XXI,
1276 237 1362 285 393

82 320 333 382 tis‘diuum
352 333 759 397 praemonitumque
778 332 833 379 ad
859 332 1169 380 cohortandos
1201 328 1364 378 milites

85 420 230 468 ratus,
251 408 425 457 vocatis
443 410 499 456 ad
517 408 791 456 concionem
811 419 930 455 certa
953 406 1136 471 praemia
1155 421 1364 470 pronun-

81 481 193 539 tiat,
224 482 271 528 in
300 498 498 546 quorum
527 482 647 545 spem
677 494 943 546 pugnarent.
982 486 1147 544 Agrum
1169 481 1259 541 st'fi'
1287 482 1365 525 da·

80 570 216 602 turum
249 554 319 620 effi
351 560 396 602 in
426 557 585 615 Italia,
603 556 758 615 Africa
775 593 790 611 ,
819 557 1035 616 Hispania
1054 590 1069 610 ,
1101 553 1172 599 uhi
1199 553 1365 613 quisque

79 630 206 685 velit,
229 631 451 676 immunem
480 630 582 694 ipsi,
603 633 674 691 qui
691 627 897 689 accepisset
913 626 1157 688 {liberisque
1171 643 1186 670 :
1208 627 1363 686 quipe-

83 707 250 749 cum'am
266 740 280 763 ‚
301 724 424 766 quam
445 723 590 768 agrum
609 740 625 762 ,
652 701 856 766 maluiffit
872 738 886 758 ‚
913 705 950 747 εἰ
968 702 1017 761 fi
1035 716 1202 762 argento
1217 699 1361 758 satis-

69 774 282 832 fablurum
301 796 317 824 .·
347 782 417 839 quc'
422 779 632 839 sociorum
653 781 760 824 cives
783 775 1146 837 Carthaginienses
1167 773 1256 830 sieri
1274 774 1361 817 vel-

80 852 190 906 lent,
212 851 702 916 potestatemfizc'lurum:
737 853 807 911 qui
838 851 983 894 domos
1014 850 1141 893 redire
1165 848 1362 902 mallent,

79 922 270 967 daturum
289 923 341 982 fi·
368 942 530 984 operam
547 959 561 981 ‚
582 943 632 970 ne
652 923 772 980 cujus
787 923 962 983 suorum
980 921 1250 981 popularium
1269 935 1359 962 mu·

78 1008 210 1039 catam
224 995 368 1055 ficum
386 996 610 1054 fortunam
630 995 704 1060 effe
721 1000 878 1041 vellent.
909 992 1056 1041 Servis
1076 1006 1259 1054 quoque
1279 989 1360 1034 do-

75 1064 228 1111 minos
245 1067 492 1129 prosecutis
514 1069 762 1116 libertatem
783 1063 1000 1129 proponit
1017 1099 1028 1118 ,
1054 1063 1246 1125 binaque
1276 1077 1360 1123 pro

77 1136 146 1183 his
163 1140 385 1203 mancipia
410 1141 606 1189 dominis
625 1141 666 1188 se
692 1139 984 1189 redditurum.
1022 1137 1172 1198 anue
1201 1145 1248 1179 ut
1266 1146 1359 1178 rata

77 1207 239 1257 scirent
257 1210 356 1259 sore
370 1249 385 1271 ,
406 1230 571 1277 agnum
589 1214 704 1263 laeva
721 1229 885 1268 mann,
908 1211 1087 1257 dextera
1107 1206 1269 1253 filicem
1291 1221 1357 1250 re-

73 1283 223 1332 tinens
237 1321 250 1344 ,
266 1287 296 1333 fi
314 1287 509 1348 falleret,
525 1291 683 1337 Jovem
700 1285 960 1349 ceterosque
983 1296 1188 1346 precatus
1204 1283 1356 1334 Deos,

74 1357 136 1406 ita
150 1359 191 1407 se
211 1362 477 1421 mactarent,
492 1362 871 1427 quemadmodum
890 1357 980 1422 ipse
997 1372 1161 1422 agnum
1178 1352 1357 1400 mactas-

75 1431 162 1491 set,
189 1434 433 1483 secundum
450 1436 758 1500 precationem
787 1445 921 1496 caput
940 1428 1123 1494 pecudis
1147 1427 1254 1474 saxo
1274 1419 1393 1473 eli-,¹

73 1504 139 1552 sit.
158 1509 276 1554 Tum
300 1525 412 1557 vero
431 1525 614 1566 omnes,
635 1508 760 1557 velut
775 1507 878 1554 Diis
896 1502 1148 1552 auctoribus
1165 1501 1213 1548 in
1233 1499 1355 1563 spem

71 1577 194 1625 suam
226 1579 411 1645 quisque
441 1582 667 1645 acceptis,
704 1581 750 1627 id
784 1595 954 1635 morae,
992 1575 1117 1640 quod
1149 1574 1353 1621 nondum

74 1664 356 1714 pugnarent,
391 1655 446 1700 ad
474 1654 690 1718 potienda
708 1651 876 1716 sperata
895 1648 1003 1707 rati,
1023 1646 1236 1712 proelium
1256 1661 1352 1691 uno

71 1724 223 1772 animo
244 1728 294 1774 δε
316 1744 435 1776 voce
454 1747 542 1776 una
564 1729 772 1792 poscunt.

137 1799 303 1863 XLVI.
331 1802 465 1865 Apud
492 1803 724 1849 Romanos
750 1800 1090 1863 haudquaquam
1117 1804 1238 1843 tanta
1258 1791 1352 1839 ala·-

70 1871 202 1918 critas
228 1885 348 1933 erat,
379 1874 522 1938 super
541 1889 688 1923 cetera
716 1874 968 1922 recentibus
1001 1872 1137 1916 etiam
1167 1866 1351 1914 territos

71 1943 302 2007 prodigiis.
335 1963 437 1994 nam
462 1948 511 1995 &
540 1949 669 2010 lupus
695 1947 938 1993 intraverat
957 1943 1095 1990 castra
1113 1977 1126 2000 ,
1150 1938 1347 1986 laniatis-

66 2032 157 2078 que
184 2017 335 2066 obviis
356 2019 445 2082 ipse
475 2021 661 2068 intaEtus
685 2019 911 2072 evaserat;
940 2018 989 2063 ὅς
1006 2029 1191 2061 examen
1211 2029 1348 2075 apum

69 2088 115 2134 in
140 2089 301 2137 arbore
328 2093 543 2154 praetorio
565 2093 827 2140 imminente
860 2088 1131 2137 consederat.
1170 2085 1349 2146 Quibus

67 2165 350 2225 procuratis,
376 2167 527 2230 Scipio
544 2203 559 2227 ,
587 2186 688 2216 cum
722 2167 920 2233 equitatu
940 2159 1346 2228 iaculatoribusque

65 2237 284 2298 expeditis
306 2240 531 2302 profectus
557 2241 611 2289 ad
633 2241 767 2290 castra
798 2239 990 2287 hostium
1010 2273 1024 2295 ,
1061 2251 1205 2299 exque
1239 2247 1344 2296 pro-

68 2308 243 2380 pinquo
281 2314 465 2377 copias,
495 2327 699 2378 quantae,
735 2316 786 2362 &
811 2312 937 2374 cujus
967 2308 1139 2375 generis
1173 2306 1342 2363 effent,

64 2381 371 2446 speculandaS,
392 2388 558 2436 obvius
578 2388 628 2436 fit
646 2389 910 2447 Hannibali,
931 2388 980 2435 &
999 2384 1077 2448 ipsi
1097 2400 1199 2430 cum
1216 2381 1341 2444 equi-

64 2457 183 2504 tibus
216 2458 271 2504 ad
304 2460 580 2522 exploranda
616 2463 732 2511 circa
769 2462 870 2512 loca
906 2457 1152 2525 progreffo.
1193 2457 1340 2504 neutri

63 2532 226 2579 alteros
251 2533 395 2596 primo
417 2537 688 2587 cernebant:
716 2538 892 2588 densior
910 2535 1067 2585 deiude
1085 2532 1250 2582 inccss'u
1271 2541 1340 2578 tot
