1701 3008
270 181 350 228 IN
387 178 561 227 [οε.
610 179 743 246 ΜΒ,
788 178 1196 226 XV111L1V.
1300 193 1395 242 247

103 294 288 338 excepto,
319 286 468 326 rursum
499 295 743 338 erumperent
771 299 793 326 a
823 284 1029 336 cornibus,
1052 286 1398 336 Romanorumque

103 365 194 391 cum
225 352 380 392 adversa
412 350 603 402 phalange
637 350 895 401 pugnantium
923 350 1040 390 latera
1075 348 1395 401 repentefin'cur-

101 413 238 454 sarent.
270 413 438 465 Regulus
466 422 598 453 contra
629 413 753 464 copiis
773 426 820 452 ex
839 426 947 453 more
971 413 1180 460 instrut‘tis,
1202 424 1292 451 cum
1316 409 1395 450 ele-

101 475 271 527 phantos
297 476 336 514 in
365 477 489 526 prima
515 476 723 515 Ptenorurn
749 475 830 514 acie
851 475 987 514 stantes
1005 473 1284 525 conspexisset,
1302 485 1395 511 con-

102 538 226 579 silium
254 539 425 579 celeriter
448 540 575 590 capit:
601 537 734 577 leviter
761 546 928 577 armatos
952 539 988 576 in
1010 538 1180 577 frontem
1207 537 1395 586 adducit,

101 602 145 640 in
172 601 346 642 subsidiis
373 602 478 641 locat
506 601 641 640 densos
666 600 865 651 legionum
894 600 1071 648 ordines,
1088 600 1235 651 equites
1252 599 1291 637 in
1308 610 1395 637 core

101 675 179 703 nua
211 663 494 703 diffunduntur.
524 662 567 702 fit
587 662 688 702 acies
703 663 744 701 in
759 661 1003 701 altitudinem
1029 662 1140 702 firma
1155 692 1166 712 ,
1182 662 1247 701 fed
1268 659 1395 700 multo

100 738 217 776 quam
246 726 372 766 fuerat
397 725 598 777 angustior.

156 789 302 830 XXVI.
335 790 391 830 Ita
416 801 505 827 cum
531 789 567 827 δὲ
583 787 632 827 ab
648 785 861 838 elephantis
881 789 915 827 ἃ
939 786 986 826 ab
1014 785 1206 840 equitibus
1222 785 1393 826 hostium

97 851 314 904 periculum
344 851 456 899 esset,
493 849 672 890 adversus
705 849 919 889 belluarum
947 850 1104 901 quidem
1134 850 1391 900 irruptionem

97 916 200 954 reete
223 912 440 964 provisum,
466 912 530 951 sed
564 912 604 950 in
629 911 728 950 locis
753 911 975 962 patentibus
1006 911 1172 963 spatium
1200 910 1390 960 equitatui

97 974 265 1014 hostium
293 975 454 1022 datum,
482 983 525 1014 ut
554 973 815 1018 circumfundi
844 975 1049 1014 contra-ftis
1075 973 1275 1013 ordinibus
1306 971 1392 1022 pof-

98 1037 166 1078 set.
206 1038 387 1079 Proe'lium
418 1038 465 1077 ab
492 1036 706 1088 elephantis
741 1037 884 1088 coepit,
909 1050 1005 1087 quos
1029 1037 1070 1076 in
1096 1036 1296 1076 adversum
1326 1049 1390 1087 ag·-

95 1114 188 1140 men
211 1102 272 1153 agi
295 1099 552 1151 Xanthippus
575 1098 704 1150 juffit,
729 1099 1004 1150 confestimque
1025 1100 1196 1140 Romani
1219 1100 1391 1141 elamore

95 1163 247 1203 sublato
279 1177 383 1203 arma
416 1161 610 1213 pulsantes
638 1161 884 1201 contulerunt
910 1163 1084 1212 gradum.
1114 1161 1172 1203 Ab
1191 1163 1389 1213 equitibus

97 1227 214 1266 etiam
237 1227 418 1277 utrinque
436 1225 477 1264 in
497 1225 677 1264 cornibus
701 1238 831 1276 pugna
853 1224 1062 1265 commissa.
1091 1225 1158 1265 sed
1183 1225 1298 1278 longe
1321 1227 1392 1269 hic.

98 1290 251 1330 minore
271 1290 537 1330 Romanorum
550 1301 713 1332 numero
727 1319 738 1338 ,
757 1301 847 1329 cum
867 1289 1035 1343 sustineri
1052 1291 1106 1329 vis
1122 1290 1289 1332 hostium
1306 1306 1390 1334 non

95 1350 241 1402 poss'et,
260 1350 336 1390 cito
353 1350 446 1400 fuga
467 1349 568 1389 facta
585 1349 647 1388 est.
675 1351 724 1389 At
742 1362 762 1389 e
785 1349 981 1400 peditibus
997 1351 1061 1401 qui
1079 1350 1209 1391 sinistri
1236 1353 1391 1394 adstite-

94 1421 204 1461 rant‚
228 1411 301 1452 five
325 1411 622 1462 elephantorum
650 1410 852 1450 occursum
877 1411 1056 1460 vitaturi,
1073 1412 1146 1451 sive
1173 1412 1387 1456 faciliorem

95 1475 290 1527 sperantes
324 1476 372 1515 de
399 1476 646 1516 mercenariis
670 1476 872 1514 victoriam
890 1506 903 1524 ,
929 1475 1069 1515 horum
1098 1477 1139 1516 in
1172 1479 1296 1517 aciem
1331 1480 1389 1517 ir-

95 1548 232 1588 ruunt,
261 1539 462 1590 versosque
485 1541 527 1578 in
550 1539 685 1590 fugam
707 1538 756 1580 ad
775 1537 921 1579 vallum
943 1538 1060 1590 usque
1083 1540 1291 1581 castrorum
1318 1538 1398 1582 ho-v

92 1601 234 1642 stilium
261 1602 548 1653 persequuntur.

160 1665 327 1709 XXVII.
366 1666 459 1706 Non
486 1678 592 1716 aeque
619 1663 737 1707 facile
757 1664 928 1717 reliquis,
945 1665 1124 1706 adversus
1153 1665 1384 1718 elephantos

94 1740 292 1770 certamen
317 1730 418 1770 fuit:
443 1744 606 1781 quorum
630 1729 862 1770 intolerabili
893 1731 995 1771 mole
1026 1732 1303 1783 diffipabantur
1325 1750 1387 1776 or.

98 1793 209 1832 dines
225 1823 238 1840 ,
271 1792 566 1843 proterebantur
593 1794 754 1842 armati,
779 1794 934 1843 agmina
960 1802 1040 1833 tota
1063 1803 1245 1846 tanquam
1276 1799 1385 1840 ruina

95 1855 367 1896 sternebantur.
392 1857 607 1898 Sustinebat
625 1866 754 1898 tamen
776 1856 1045 1897 incumbentes
1071 1859 1149 1909 ipla
1173 1860 1268 1900 aciei
1291 1862 1386 1902 den..

93 1917 206 1966 sitas,
227 1916 384 1968 aliisque
403 1918 466 1958 alii
489 1919 682 1960 substituti
700 1919 873 1959 ordines:
902 1919 1027 1958 donec
1051 1920 1159 1960 {imul
1181 1920 1276 1962 locis
1301 1937 1384 1963 om.

91 1979 207 2019 nibus
233 1978 394 2019 laborari
418 1992 617 2032 coeptum:
644 1982 736 2021 dum
759 1981 919 2022 extremi
944 1983 1089 2032 quique·
1112 1983 1161 2023 ab
1189 1985 1387 2036 equitibus.

92 2042 375 2092 circumventi3
403 2045 574 2095 priores,
598 2054 788 2096 quotquot
813 2048 892 2095 jam
928 2045 1223 2097 elephantorum
1257 2051 1385 2092 aciem

91 2114 366 2156 perruperant,
394 2106 440 2145 ab
466 2106 613 2157 integra
638 2109 673 2147 ἃ
700 2108 877 2148 instructa
905 2108 1097 2160 phalange
1120 2109 1288 2152 hostium
1305 2144 1316 2162 ‚
1343 2117 1381 2155 &

90 2166 358 2208 assultantibus
393 2169 570 2220 utrinque
605 2169 784 2209 velitibus
815 2171 993 2221 excepti,
1018 2171 1153 2221 passim
1187 2175 1388 2215 trucidan-.

89 2236 164 2268 tur.
196 2230 334 2281 Neque
365 2231 491 2270 minus
512 2231 627 2271 caedis
648 2232 687 2270 in
704 2231 892 2281 ipsarfuga
920 2232 1004 2271 fuit.
1039 2246 1106 2283 per
1133 2244 1264 2285 aperta
1290 2236 1383 2280 loca.-

93 2293 129 2331 ὅ(
148 2290 260 2343 plana
285 2293 426 2333 effusos
441 2293 636 2345 elephanti
660 2294 916 2344 Numidaeque
939 2295 1084 2346 equites
1107 2296 1259 2337 immissi
1281 2299 1380 2340 stra-

91 2359 239 2391 verunt.
271 2353 330 2393 M.
348 2354 518 2405 Regulus
540 2367 638 2399 cum
655 2353 842 2395 militibus
866 2355 945 2396 fere
965 2357 1184 2409 quingentis
1209 2361 1316 2400 vivus
1338 2361 1381 2400 in

92 2427 230 2457 manus
257 2413 423 2456 hostium
446 2420 561 2458 venit.
593 2432 640 2459 ex
676 2426 759 2458 toto
794 2420 962 2461 exercitu
989 2434 1071 2461 non
1097 2422 1263 2475 amplius
1295 2425 1381 2465 duo.

134 2537 159 2582 5
191 2535 301 2574 XXV.
325 2537 559 2576 fronesttat.
580 2551 623 2584 2,
647 2551 680 2579 2.
707 2539 828 2589 Polyb.

1020 2591 1117 2652 <24
