1701 3008
345 277 442 326 340
493 247 815 308 JO.FRE1NS.
834 254 1074 302 SUPP.1N
1091 253 1233 302 [ΟΕ.
1251 255 1302 303 L.
1325 255 1420 302 XX
1448 256 1561 305 [ιν.

344 370 523 410 Ceterum
548 364 686 416 Illyriis
709 363 750 401 in
781 362 880 413 regis
911 361 1043 402 Pinnei
1076 363 1264 413 gratiam,
1283 375 1407 413 quem
1441 363 1623 403 innoeen-

341 439 423 470 tem
448 435 554 468 aetate
583 429 617 466 δε
638 423 830 476 proposito
857 423 967 463 fuiffe
993 423 1215 473 constabat,
1237 425 1411 475 pepercit
1437 427 1622 473 Senatus,

340 490 544 540 foedusque
576 501 665 527 cum
698 500 771 536 eo,
800 486 959 536 adjeffis
988 494 1119 525 tamen
1153 487 1443 527 conditionibus
1472 487 1625 539 quibus..

339 555 430 594 dam
445 584 455 600 ‚
473 549 679 591 renovavit.
712 549 861 589 Interea
881 549 920 589 L.
936 547 1112 589 AEmilius
1130 548 1265 597 consul
1281 548 1625 600 splendidiffimum

340 618 391 657 tle
404 615 464 654 ‘his
482 613 635 666 populis
663 611 906 662 triumphum
930 612 1064 651 duxit:
1087 611 1153 651 sed
1181 613 1217 651 ἃ
1240 612 1299 652 Μ.
1323 612 1475 664 Livium
1500 626 1548 653 ex
1577 622 1624 652 eo

338 678 445 719 bello
474 675 722 727 triumphasse
755 677 918 726 reperio.
961 675 1087 726 plures
1117 684 1248 715 tamen
1281 675 1484 727 scriptores
1519 676 1627 716 hunc

336 747 593 795 praete1·eunt:
618 739 756 788 credo,
769 739 874 788 quod
894 741 1057 788 majores
1078 739 1119 779 L.
1137 736 1258 778 Paulli
1273 751 1332 777 res
1354 738 1524 787 fuerunt,
1544 739 1627 789 qui-

336 803 411 843 bus
434 802 590 852 collegae
615 801 759 840 famam
784 800 1019 851 gloriamque
1041 800 1212 852 potuerit
1232 800 1445 840 obscurare.
1474 799 1540 840 sed
1559 813 1628 839 no-

337 869 455 910 bilius
484 865 656 918 ejusdem
678 865 736 905 M.
754 864 852 904 Livii
876 864 991 915 paulo
1015 865 1098 915 post
1117 864 1308 915 judicium
1333 866 1369 904 &
1391 864 1626 904 condemna-

338 934 397 972 tio
428 930 514 969 fuit.
558 929 627 968 Per
655 926 842 966 invidiam
875 925 955 976 ipse
984 939 1030 966 ac
1055 926 1097 966 L.
1126 925 1277 966 Paullus
1304 926 1496 974 accusati,
1522 925 1630 976 quod

336 995 507 1047 praedam
542 989 731 1031 militibus
768 1003 849 1029 non
883 989 1078 1041 aequaliter
1113 989 1343 1038 divisissent,
1370 990 1551 1041 quodque
1579 1002 1629 1031 ex

334 1069 384 1096 ea
402 1054 524 1096 multa
543 1052 784 1100 ave1·tiilent‚
807 1051 1000 1100 judicium
1027 1048 1163 1101 populi
1188 1048 1425 1089 subiverunt.

395 1128 533 1170 LXIV.
563 1126 605 1166 L.
633 1123 786 1165 Paullus
814 1122 1008 1162 ambustus
1037 1123 1102 1162 vix
1127 1121 1265 1171 evasit,
1288 1120 1346 1162 M.
1368 1121 1518 1161 Livium
1542 1135 1632 1162 om-

335 1205 407 1234 nes
422 1191 556 1240 tribus,
572 1196 734 1240 excepta
749 1188 899 1237 Maecia,
915 1187 1203 1228 damnaverunt.
1222 1185 1331 1237 Isque
1350 1185 1628 1227 contumeliam

340 1256 450 1297 istam
474 1262 553 1294 tam
582 1253 739 1304 indigne
762 1250 871 1300 tulit,
887 1258 929 1290 ut
944 1250 1046 1291 Urbe
1071 1249 1229 1299 relicta,
1258 1256 1381 1288 coetus
1412 1262 1545 1289 omnes
1568 1250 1628 1289 fu-

340 1326 468 1371 geret,
499 1316 624 1356 donec
647 1327 736 1354 eum
764 1314 813 1353 ad
842 1313 1012 1352 instituta
1030 1312 1117 1352 vitae
1134 1311 1271 1363 prioris
1293 1310 1519 1351 resumenda
1543 1311 1630 1352 Rei-

337 1379 504 1433 publicae
528 1386 706 1428 tempora
728 1383 931 1415 retraxere.
964 1374 1039 1415 Sed
1067 1373 1150 1413 haec
1168 1373 1209 1412 in
1230 1373 1267 1413 Ρ.
1293 1371 1459 1413 Cornelii
1482 1373 1630 1424 Scipio-

337 1444 422 1490 nis,
449 1441 538 1482 Tib.
568 1439 785 1490 Sempronii
814 1437 938 1489 Longi
969 1435 1211 1477 consulatum
1240 1434 1471 1475 inciderunt.
1512 1438 1628 1477 Anno

338 1516 494 1552 autem,
522 1517 597 1554 quo
622 1503 679 1544 M.
705 1502 831 1542 Livius
855 1504 889 1542 Sc
911 1501 952 1542 L.
976 1500 1129 1541 Paullus
1145 1499 1273 1539 adhuc
1296 1499 1471 1539 consules
1495 1508 1629 1549 erant,

274 1610 303 1615 „-
337 1564 605 1621 Archagathus
625 1563 781 1614 quidam
803 1561 969 1613 Lysaniae
994 1559 1096 1599 filius
1113 1573 1161 1599 ex
1184 1558 1445 1609 Peloponneso
1462 1559 1630 1600 Romam

257 1615 473 1676 Ἳὲηίῑ,
504 1627 570 1677 qui
606 1625 839 1664 medicinam
869 1622 1084 1675 professus,
1113 1623 1197 1671 jure
1221 1620 1430 1672 Quiritium
1465 1620 1632 1662 donatus

341 1693 419 1741 est,
446 1691 555 1741 eique
580 1689 737 1728 taberna
762 1689 800 1727 in
827 1689 1002 1738 compito
1030 1684 1154 1726 Acilio
1182 1692 1284 1724 emta
1307 1681 1474 1733 publice.
1497 1696 1556 1723 res
1579 1684 1630 1724 ad

342 1754 572 1794 memoriam
601 1750 760 1790 minime
785 1749 969 1796 celebris,
997 1748 1068 1787 nifi
1095 1755 1179 1785 tum
1203 1745 1373 1797 primum
1396 1745 1485 1783 artis
1506 1746 1630 1786 medi·

341 1829 398 1856 cae
419 1826 561 1854 nomen
589 1812 765 1851 auditum
791 1812 926 1851 Romae
954 1809 1204 1860 agnitumque
1233 1805 1346 1852 esset,
1369 1804 1553 1845 haetenus
1579 1806 1630 1846 ad

340 1879 545 1920 sanitatem
569 1876 755 1916 tuendam
774 1875 983 1915 sufficiente
1001 1871 1253 1922 temperantia
1275 1872 1311 1910 ἃ
1331 1870 1483 1909 inemtis
1508 1882 1630 1909 reme-

343 1940 427 1979 diis.
461 1938 613 1978 Eisdem
641 1935 860 1977 consulibus
884 1934 1044 1974 colonize
1062 1933 1234 1973 deductae
1262 1930 1349 1971 sunt
1368 1930 1407 1969 in
1432 1944 1521 1982 agro
1543 1930 1630 1973 Gal-

342 2000 421 2039 lico
448 1998 640 2039 Placentia
655 2001 690 2038 Sc
708 1999 917 2045 Cremona,
934 2008 1014 2035 non
1030 1994 1221 2045 postrema
1238 1992 1349 2032 causa
1364 1992 1505 2030 irarum
1519 2021 1531 2040 ,
1549 1992 1631 2042 qui-

342 2061 415 2100 bus
442 2060 628 2098 commoti
644 2058 727 2108 Boji
741 2055 992 2106 Insubresque
1013 2054 1198 2105 respicere
1220 2051 1479 2093 Hannibalem
1500 2064 1630 2102 coepe-

342 2135 385 2161 re
399 2153 409 2169 ,
427 2122 489 2172 qui
506 2130 588 2159 tum
606 2121 857 2171 Saguntinam
879 2117 1014 2157 urbem
1035 2116 1193 2155 summis
1210 2114 1355 2155 viribus
1376 2124 1629 2164 oppugnans,

345 2196 415 2234 per
437 2184 559 2222 ruinas
583 2184 663 2232 ejus
686 2182 756 2220 iter
779 2181 827 2221 ad
850 2181 1023 2220 Romana
1045 2177 1145 2218 bella
1170 2177 1377 2216 muniebat.
1408 2175 1473 2214 sed
1500 2174 1540 2213 hi
1568 2187 1632 2214 ce·-

341 2246 491 2294 terique
507 2253 634 2284 motus
646 2275 658 2291 ,
676 2244 739 2295 qui
756 2257 895 2295 magno
916 2255 1092 2289 numero,
1111 2253 1235 2292 neque
1251 2239 1388 2279 minori
1402 2238 1518 2286 mole,
1537 2251 1629 2278 con-

343 2306 454 2345 tinuo
477 2307 724 2357 ingruerunt,
742 2305 789 2345 ab
807 2305 941 2345 altiore
963 2303 1079 2355 paulo
1104 2301 1292 2354 principio
1309 2300 1397 2340 sunt
1413 2300 1623 2352 repetendi.

393 2431 413 2471 ξ
432 2430 548 2462 LXlll.
560 2430 682 2463 Zonar.
698 2430 766 2462 Dio
783 2443 835 2473 ap.
847 2430 960 2463 Vales.
973 2427 1120 2472 Appiam.
1137 2427 1234 2471 Illyr.
1260 2426 1377 2470 Polyb.
1396 2437 1429 2466 4,
1443 2424 1496 2457 66.
1523 2425 1625 2459 Aust.

348 2476 390 2508 de
418 2476 483 2506 vir.
509 2476 558 2507 ill.
585 2488 614 2507 c.
643 2487 694 2514 50.
722 2474 800 2506 Just.
830 2486 891 2517 29,
915 2485 945 2505 α.
969 2473 1085 2505 From.
1106 2472 1207 2505 Strat.
1230 2483 1252 2512 4
1269 2498 1276 2512 ‚
1302 2483 1330 2503 1.
1358 2471 1378 2512 ς
1405 2470 1521 2503 LXIV.
1542 2469 1624 2502 Lw.

349 2530 516 2609 ἓῖὡςὶςό.
537 2530 556 2553 2
592 2520 624 2552 ἃ
658 2530 723 2560 27,
750 2520 811 2562 36,
835 2530 866 2564 3.
902 2518 987 2552 Plin.
1014 2527 1078 2561 29,
1108 2528 1138 2551 1.
1163 2517 1238 2551 Liv.
1263 2528 1299 2551 21
1321 2542 1331 2557 ,
1355 2525 1395 2558 25
1412 2541 1422 2557 ‚
1445 2525 1477 2549 2.
1504 2513 1618 2558 Ejusl.
