1701 3008
289 191 319 229 2,
639 142 1211 218 T1T⁷1L1V11

285 416 325 461 Ἰ.
357 347 595 463 LUCIO
619 406 857 467 Genucio,
877 408 969 454 Ser.
988 402 1211 454 Cornelio
1231 401 1509 466 consulibus,
1526 407 1583 454 ab

287 485 485 534 externis
511 483 651 530 ferme
682 481 811 544 bellis
840 480 988 529 otium
1021 479 1122 528 fuit.
1156 481 1315 528 Soram
1341 491 1476 545 atque
1497 480 1582 527 Al-

286 561 390 609 bam
422 557 621 605 coloniae
656 556 868 617 dedu6tae.
908 553 1073 602 Alba'm
1100 553 1148 601 in
1179 555 1354 617 AEquos
1382 554 1459 601 sex
1481 554 1585 600 mil-

283 632 350 679 lia
394 631 675 678 colonorum
710 629 887 692 scripta.
937 629 1047 675 Sora
1079 627 1173 692 agri
1209 628 1367 675 Volsci
1406 627 1584 682 fuerat3

287 706 364 753 sed
397 704 680 769 possederant
719 703 953 750 Samnites.
999 718 1056 749 eo
1090 713 1287 766 quatuor
1324 701 1463 749 millia
1494 703 1584 749 ho-

286 778 463 826 minum
491 776 629 823 missa.
675 777 850 823 Eodem
887 790 1009 821 anno
1040 774 1328 837 Arpinatibus
1360 774 1587 821 Trebula-

287 852 446 915 nisque
469 851 627 899 civitas
649 850 762 897 data.
783 850 1032 897 Frusinates
1051 849 1180 896 tertia
1200 861 1323 911 parte
1343 848 1438 913 agri
1459 849 1588 895 dam-

285 927 417 984 nati,
455 925 582 988 quod
616 924 841 990 Hernicos
875 924 930 971 ab
966 923 1030 971 eis
1069 922 1336 969 sollicitatos
1376 934 1590 984 comper-v

288 1011 419 1046 tum:
451 998 686 1062 capitaque
724 996 1058 1059 conjurationis
1096 995 1221 1058 ejus,
1252 989 1500 1059 quaestione
1530 994 1587 1041 ab

290 1070 552 1118 consulibus
589 1087 646 1117 ex
681 1068 1070 1117 senatusconsulto
1103 1068 1252 1115 habita
1271 1104 1288 1126 ,
1317 1067 1458 1129 virgis
1490 1066 1591 1114 caefi

290 1162 345 1192 ac
381 1144 521 1191 securi
558 1143 765 1207 percuffi.
823 1144 1028 1199 Tamen,
1060 1157 1116 1186 ne
1151 1139 1334 1204 prorsus
1363 1138 1596 1186 imbellem

288 1229 480 1280 agerent
513 1232 708 1274 annum,
738 1231 877 1277 parva
909 1212 1143 1278 expeditio
1175 1212 1223 1259 in
1256 1211 1447 1260 Umbria
1479 1210 1593 1258 facia

289 1290 388 1346 est3
432 1290 558 1354 quod
593 1288 916 1346 nuntiabatur,
947 1304 1004 1333 ex
1043 1285 1254 1349 spelunca
1290 1285 1479 1349 quadam
1507 1299 1591 1329 ex-

292 1362 526 1412 curfiones
548 1373 827 1409 armatorum
852 1360 900 1407 in
922 1376 1053 1424 agros
1085 1357 1198 1405 fieri.
1221 1360 1270 1402 In
1291 1373 1388 1402 eam
1408 1354 1593 1418 spelune-
1638 1406 1641 1410 ⁵

291 1454 392 1484 cam
421 1446 703 1499 penetratum
725 1451 828 1483 cum
853 1434 986 1498 signis
1014 1429 1076 1478 est
1097 1448 1108 1476 τ
1131 1431 1181 1477 &
1201 1445 1258 1475 ex
1278 1444 1334 1476 eo
1360 1429 1471 1475 loco
1503 1428 1593 1475 ob-

291 1510 426 1558 scuro
453 1511 593 1557 multa
619 1509 809 1558 vulnera
835 1517 1020 1570 accepta
1036 1542 1051 1564 ‚
1075 1502 1360 1567 maximeque
1392 1501 1594 1566 lapidum

291 1583 417 1640 {clm
453 1584 600 1632 donec
617 1615 632 1638 ‚
660 1582 803 1630 altero
828 1581 984 1644 specus
1011 1579 1106 1642 ejus
1136 1594 1216 1624 ore
1243 1577 1385 1642 (nam
1408 1574 1597 1639 pervius

294 1658 428 1721 erat)
451 1657 674 1713 invento,
704 1667 907 1718 utraeque
932 1652 1083 1700 fauces
1113 1649 1334 1714 congestis
1364 1649 1496 1713 lignis
1522 1666 1598 1696 ac-

294 1732 477 1782 censae:
518 1731 581 1778 ita
615 1729 737 1776 intus
772 1727 903 1773 fumo
939 1742 990 1772 ac
1025 1739 1199 1787 vapore
1238 1723 1294 1769 ad
1330 1722 1422 1769 duo
1458 1721 1599 1768 millia

295 1817 608 1862 armatorum,
636 1799 814 1848 ruentia
848 1797 1090 1845 noviffime
1126 1795 1175 1841 in
1213 1793 1326 1857 ipsas
1363 1793 1599 1849 flammas,

298 1881 406 1928 dum
429 1877 623 1924 evadere
643 1873 858 1931 tendunt,
878 1871 1089 1919 absumta.
1121 1867 1289 1915 Marcis
1308 1867 1447 1914 Livio
1468 1867 1601 1913 Den-

298 1966 368 2002 tre
402 1953 454 2000 &
487 1948 674 1999 AEmilio
718 1945 1011 2003 consulibus,
1045 1941 1398 2005 redintegratum
1438 1938 1602 2003 AEqui-

298 2044 407 2087 cum
436 2023 621 2072 bellum.
671 2019 918 2068 Coloniam
967 2032 1082 2080 aegre
1119 2015 1338 2078 patientes
1366 2013 1495 2060 velut
1524 2028 1600 2058 ar·-

303 2119 404 2150 cem
436 2099 524 2146 suis
557 2096 723 2143 finibus
757 2090 1034 2155 impositam,
1062 2086 1231 2134 summa
1259 2085 1309 2134 vi
1341 2098 1601 2146 expugnare

298 2171 455 2223 adorti
474 2208 489 2228 ,
511 2169 567 2217 ab
586 2167 688 2232 ipsis
711 2163 892 2214 colonis
912 2160 1153 2225 pelluntur.
1180 2159 1399 2203 Ceterum
1423 2166 1603 2202 tantum

303 2247 467 2293 Romae
509 2254 732 2288 terrorem
765 2236 940 2293 fecere,
971 2232 1076 2297 quia
1109 2231 1190 2280 vix
1224 2227 1441 2276 credibile
1477 2236 1604 2282 erat,

306 2330 401 2366 tam
432 2315 598 2362 affeffis
633 2313 764 2360 rebus
801 2309 923 2356 solos
953 2323 1031 2369 per
1061 2303 1104 2351 se
1137 2303 1309 2364 AEquos
1347 2300 1401 2348 ad
1432 2298 1605 2346 bellum

308 2401 501 2439 coortos
520 2422 534 2444 ‚
555 2398 605 2433 ut
628 2383 841 2431 tumultus
878 2379 971 2442 ejus
1001 2375 1127 2425 causa
1146 2375 1346 2430 ‘dictator
1380 2372 1604 2419 diceretur

309 2465 364 2514 G.
389 2449 827 2517 JuniusBubulcus.·
847 2454 914 2511 is,
947 2469 1050 2500 cum
1080 2452 1145 2499 M.
1175 2446 1357 2498 Titinio
1393 2442 1606 2509 magistro
