1701 3008
0 320 94 372 lum
112 326 229 372 muri
254 320 473 381 discuffit3
503 323 723 389 strataque
742 325 896 372 omnia
926 327 1178 375 recentibus
1199 328 1294 374 ruia

0 397 70 445 nis
92 396 355 446 advenienti
386 398 625 444 Hannibali
645 397 854 444 ostendit.
893 402 1045 462 ltaque
1072 400 1127 445 ad
1156 399 1295 462 ipsam

1 489 154 519 arcem
181 471 412 534 extemplo
442 471 596 517 ductus
629 471 851 518 exercitus
869 508 881 526 ‚
918 484 1140 536 atroxque
1167 489 1296 534 proe-

0 545 118 592 lium
140 562 242 592 cum
257 544 506 591 multorum
524 545 735 607 utrinque
763 545 882 591 caede
911 545 1074 592 initum
1091 577 1105 605 5
1128 548 1177 594 &
1195 561 1297 610 pars

0 617 118 664 arcis
139 630 268 680 capta
285 617 359 665 est.
394 619 585 664 Tentata
605 617 763 664 deinde
792 634 870 680 per
899 617 1015 667 duos
1040 619 1100 666 est
1131 620 1298 684 exigua

1 692 128 756 pacis
158 691 252 755 spes
267 726 281 750 ‚
312 691 536 738 Alconem
555 691 848 755 Saguntinum
867 727 880 747 ,
905 694 953 739 &
973 692 1189 740 Alorcum
1213 693 1299 740 Hi-

2 765 207 829 spanum.
237 765 413 823 Alcon,
432 763 582 811 insciis
600 764 879 827 Saguntinis,
901 767 1106 827 precibus
1129 766 1301 832 aliquid

2 852 236 886 moturum
258 849 376 883 ratus
392 873 406 895 ‚
437 853 541 883 cum
574 837 629 882 ad
647 837 946 884 Hannibalem
968 839 1103 886 noctu
1126 841 1301 888 transis-⁶

4 910 94 969 set,
129 910 367 974 postquam
395 909 504 956 nihil
533 910 728 956 lacrimae
753 911 1031 969 movebant,
1065 913 1301 960 conditio—-

6 982 175 1045 nesque
194 981 335 1027 tristes
348 993 419 1038 ,ut
436 982 492 1027 ab
511 981 626 1028 irato
645 982 817 1030 vffiore
831 1018 843 1041 ‚
856 982 1140 1041 ferebantur,
1156 997 1303 1032 trans-

5 1054 114 1119 fuga
145 1071 202 1100 ex
231 1070 415 1100 oratore
436 1053 602 1113 factus,
627 1055 745 1118 apud
775 1055 950 1102 hostem
980 1057 1168 1114 manfit3
1199 1075 1303 1106 mo-

5 1131 202 1178 riturum
239 1129 497 1186 affirmans,
534 1129 614 1192 qui
653 1130 731 1176 sub
767 1130 1110 1177 conditionibus
1145 1131 1211 1176 his
1249 1130 1304 1178 de

7 1220 121 1269 pace
141 1214 304 1267 ageret.
324 1202 632 1250 Postulabatur
653 1219 797 1250 autem
811 1240 824 1263 ,
844 1205 1081 1251 redderent
1101 1220 1169 1251 res
1184 1205 1304 1251 Tur-

9 1280 207 1336 detani53
230 1279 488 1343 traditoque
507 1280 634 1326 omni
651 1298 763 1328 auro
780 1294 913 1343 atque
929 1293 1118 1344 argento
1135 1317 1148 1337 ‚
1162 1278 1305 1344 egres-

9 1355 44 1403 s1
74 1355 185 1402 urbe
213 1372 315 1402 cum
336 1354 520 1418 fingulis
540 1353 818 1401 vestimentis
843 1354 903 1400 ibi
923 1354 1204 1412 habitarent,
1224 1353 1305 1400 ubi

9 1430 181 1476 Poenus
212 1426 403 1489 juffiss'et.
443 1429 532 1474 Has
561 1428 685 1490 pacis
719 1427 845 1491 leges
875 1428 1098 1474 abnuente
1129 1427 1305 1475 Alcone

9 1515 282 1566 accepturos
299 1503 568 1566 Saguntinos
582 1539 596 1562 ,
614 1502 807 1549 Alorcus
819 1539 832 1561 ‚
854 1503 979 1550 vinci
1004 1503 1180 1549 animos
1194 1538 1208 1562 ‚
1225 1502 1305 1550 ubi

9 1577 100 1624 alia
128 1576 402 1634 vincantur,
439 1576 663 1622 affirmans
683 1613 697 1636 ‚
729 1575 770 1622 se
803 1575 924 1639 pacis
955 1575 1050 1638 ejus
1089 1576 1305 1640 interpres

11 1662 103 1698 tem
136 1649 237 1697 fore
264 1649 520 1712 pollicetur.
561 1651 666 1697 Erat
693 1660 838 1697 autern
865 1662 959 1697 tum
982 1650 1109 1698 miles
1131 1652 1306 1699 Hanni-⁶

10 1724 151 1778 balis;
181 1735 377 1770 ceterum
404 1723 584 1787 publice
602 1724 855 1788 Saguntinis
877 1724 1044 1771 amicus
1067 1737 1200 1789 atque
1221 1727 1310 1773 ho-·

11 1799 125 1861 spes.
144 1797 335 1843 Tradito
357 1798 501 1860 palam
525 1797 618 1844 telo
639 1797 897 1845 custodibus
917 1796 1110 1843 hostium
1128 1833 1142 1854 ‚
1161 1799 1307 1846 trans-

12 1872 178 1936 gress'us
212 1873 520 1931 munimenta,
553 1873 609 1919 ad
637 1884 882 1936 praetorem
903 1871 1197 1934 Saguntinum
1226 1872 1309 1936 (δέ

13 1945 107 2008 ipse
138 1944 197 1990 ita
228 1943 442 2009 jubebat)
477 1945 538 1992 est
567 1946 794 1994 deductus.
826 1958 919 2009 quo
946 1961 1047 1991 cum
1076 1946 1310 2009 extemplo

13 2018 264 2068 concursus
281 2019 430 2067 omnis
451 2020 624 2083 generis
639 2021 877 2067 hominum
897 2019 1001 2066 effet
1023 2018 1188 2077 faetus,
1205 2020 1310 2067 subd

14 2106 141 2141 mota
169 2104 313 2139 cetera
334 2093 626 2141 multitudine
643 2131 656 2154 ,
685 2093 859 2141 senatus
882 2093 1055 2139 Alorco
1076 2093 1203 2140 datus
1232 2094 1308 2142 est.

15 2164 148 2226 cujus
167 2165 264 2213 talis
282 2167 430 2213 oratio
452 2166 564 2214 fuit:

83 2239 200 2286 XIIL
237 2243 291 2285 Si
322 2244 425 2287 civis
454 2243 574 2308 vester
587 2243 728 2286 Alcon
747 2276 761 2296 ‚
775 2239 889 2305 ficut
918 2244 979 2286 ad
991 2257 1137 2301 pacem
1164 2258 1313 2302 peten-

17 2310 119 2358 dam
152 2315 212 2356 ad
232 2315 520 2360 Hannibalem
550 2317 693 2371 venit,
727 2317 788 2359 ita
809 2317 934 2375 pacis
969 2317 1226 2361 condiciones
1259 2316 1314 2361 ab

17 2385 267 2431 Hannibale
294 2390 354 2432 ad
375 2405 450 2433 vos
469 2385 656 2451 retuliffit
673 2422 686 2444 ‚
713 2388 1068 2448 supervacaneum
1103 2389 1180 2433 lzoc
1212 2387 1318 2433 mihi

10 2454 160 2518 suffic
179 2459 254 2502 iter
268 2490 283 2513 ,
309 2475 390 2517 quo
421 2477 493 2504 nec
512 2475 654 2504 orator
671 2458 968 2515 Hannibalis',
1000 2478 1071 2504 nec
1091 2458 1316 2519 tratzsfitga

19 2533 81 2578 ad
109 2549 184 2577 vos
202 2530 408 2594 velzffzm.
446 2535 550 2579 Cum
581 2536 650 2580 ille
665 2568 680 2594 ,
698 2549 774 2580 aut
798 2535 949 2600 vestra,
974 2549 1047 2577 aut
1060 2535 1146 2593 fita
1167 2536 1317 2597 culpa,

944 2605 1043 2652 Zz.
