1701 3008
285 181 888 231 HISTORIARUM
922 184 1054 234 ΜΒ.
1106 184 1168 232 Χ.
1333 202 1394 250 29

89 288 217 351 lites,
245 307 381 356 quam
418 290 683 356 cujusquam
723 292 854 339 ducit]
895 305 970 340 aut
1006 293 1235 357 imperio,
1277 310 1394 358 pug-

88 380 191 411 nam
235 363 529 426 capessebant.
569 364 619 410 &
655 364 854 410 Romani
887 365 1113 412 exercitus
1146 383 1231 413 nec
1269 365 1393 429 pari-

87 448 158 483 ter
189 437 325 485 ambo
356 436 503 495 (lucii,
525 452 607 483 nec
629 435 727 482 satis
747 438 968 499 temporis
997 439 1052 485 ad
1082 437 1394 485 instruendum

88 508 192 556 fuit.
242 509 370 556 Prius
414 508 649 558 concurrit
689 509 1006 569 Volumnius,
1043 527 1178 574 quam
1220 511 1394 575 Appius

85 583 146 631 ad
174 584 347 630 hostem
376 583 650 646 perveniret.
693 582 846 647 itaque
870 582 1023 631 fronte
1050 585 1259 649 inaequali
1279 603 1394 633 con-

89 656 265 708 cursum
299 656 392 704 est:
430 657 513 715 &‚
542 657 672 706 velut
704 655 824 704 forte
861 659 1053 720 quadam
1088 672 1291 706 mutante
1323 658 1392 706 as-

85 729 243 778 suetos
280 730 397 776 inter
433 730 475 776 se
511 730 692 788 hostes,
727 730 900 778 Etrusci
934 731 1221 791 Volumnio,
1265 733 1392 779 Sam-

88 803 235 863 nites,
268 819 515 866 parumper
541 803 738 850 cunftati
754 840 766 862 ,
792 804 898 867 quia
923 805 1013 851 dux
1035 805 1215 863 aberat,
1238 806 1392 869 Appio

91 894 353 925 occurrere.
388 877 578 926 Dicitur
602 879 776 942 Appius
803 878 851 925 in
880 879 1034 926 medio
1055 897 1218 944 pugnae
1243 880 1394 927 discri-

92 952 240 1011 mine,
263 951 323 998 ita
351 963 400 998 ut
429 951 548 998 inter
575 951 722 1015 prima
748 953 867 1017 signa
898 953 1103 1001 manibus
1135 954 1189 1000 ad
1224 954 1394 1002 coelurn

92 1025 274 1073 sublatis
303 1025 642 1090 conspiceretur
661 1063 676 1087 ,
705 1028 764 1073 ita
796 1041 1003 1091 precatus
1033 1028 1151 1075 effe:
1186 1031 1393 1088 Bellona,

82 1101 134 1167 fi
158 1105 279 1149 hodie
301 1104 431 1153 nobis
455 1101 669 1150 viffon‘am
687 1106 813 1161 duis,
836 1106 898 1171 ast
918 1121 990 1166 ego
1009 1108 1205 1166 templum
1225 1107 1303 1151 tibi
1322 1124 1395 1152 νο-

92 1192 181 1226 νεο.
231 1176 342 1224 Haec
368 1187 603 1239 precatus,
626 1177 753 1226 velut
781 1176 1019 1242 instigante
1054 1178 1156 1225 Dea
1174 1214 1189 1237 ,
1223 1180 1273 1227 &
1301 1178 1394 1242 ipse

94 1247 284 1312 collegae
303 1250 353 1297 &
371 1250 596 1296 exercitus
617 1249 834 1298 virtutem
867 1250 1080 1314 aequavit.
1117 1251 1274 1298 Duces
1306 1251 1395 1299 im-

93 1323 322 1386 peratoria
352 1340 495 1386 opera
523 1322 860 1387 exsequuntur3
883 1326 931 1372 &
949 1324 1112 1371 milites
1128 1360 1143 1382 ,
1167 1342 1223 1372 ne
1250 1326 1306 1372 ab
1329 1325 1396 1374 al-

94 1409 191 1443 tera
221 1410 346 1461 parte
370 1398 497 1463 prius
523 1397 720 1447 victoria
752 1399 940 1464 incipiat
959 1437 973 1460 ,
1003 1400 1282 1448 annituntur.
1314 1402 1396 1447 Er-

93 1484 155 1532 go
174 1467 370 1517 fundunt
387 1468 634 1535 fugantque
654 1471 829 1532 hostes,
849 1471 1070 1535 majorem
1090 1472 1259 1519 molem
1278 1473 1396 1520 haud

94 1541 228 1589 facile
256 1543 548 1603 sustinentes,
571 1562 706 1609 quam
732 1561 837 1593 cum
866 1563 958 1610 qua
983 1562 1141 1592 manus
1163 1544 1398 1594 conserere

93 1615 250 1662 affueti
277 1616 470 1666 fuerant.
521 1618 731 1682 urgendo
761 1619 998 1678 cedentes,
1023 1618 1397 1684 insequendoque

94 1689 261 1736 effusos
290 1691 555 1754 compulere
581 1691 635 1737 ad
667 1691 818 1740 castra.
854 1692 917 1740 lbi
935 1728 949 1749 ,
970 1691 1233 1738 interventu
1257 1691 1399 1738 Gellii

94 1762 451 1827 cohortiumque
467 1763 742 1812 Sabellarum
759 1801 775 1823 ,
793 1764 1016 1828 paulisper
1034 1764 1265 1811 recruduit
1288 1781 1397 1828 pug-

98 1852 168 1881 na.
209 1836 264 1882 iis
290 1852 479 1901 quoque
506 1853 620 1884 mox
648 1836 782 1897 fufis,
811 1837 898 1899 jam
925 1855 948 1884 a
975 1836 1226 1884 victoribus
1260 1837 1400 1885 castra

99 1910 481 1972 oppugnabantur
512 1928 523 1957 ε
563 1913 642 1971 &,
672 1928 776 1959 cum
812 1910 1088 1958 Volumnius
1119 1909 1210 1973 ipse
1251 1923 1398 1973 portae

97 1979 222 2044 signa
248 1980 470 2039 inferret;
496 1985 671 2048 Appius
688 2021 703 2043 ,
733 1985 969 2032 Bellonam
1000 1983 1237 2031 victricem
1270 1984 1399 2030 iden-

97 2053 237 2100 tidem
267 2053 498 2103 celebrans
519 2093 534 2114 ,
559 2059 829 2105 accenderet
862 2057 1056 2104 militum
1087 2057 1293 2114 animos,
1322 2075 1400 2120 per

101 2127 302 2187 vallum,
332 2145 413 2192 per
445 2128 579 2176 foffas
609 2131 884 2194 irruperunt.
920 2130 1074 2177 Castra
1105 2143 1231 2192 capta
1258 2130 1403 2194 direp-

101 2219 234 2267 taque
261 2222 271 2251 :
309 2205 460 2267 praeda
491 2205 650 2270 ingens
688 2220 813 2271 parta
848 2209 898 2254 ὅ(
925 2206 1057 2253 militi
1087 2206 1295 2253 concess'a
1326 2206 1403 2254 est.

102 2276 272 2339 septem
302 2277 444 2324 millia
463 2296 514 2326 ac
542 2280 734 2327 trecenti
767 2279 965 2328 hostium
986 2278 1123 2328 occifi
1143 2316 1158 2338 ,
1186 2279 1279 2325 duo
1303 2280 1407 2326 mil·

104 2349 163 2396 lia
191 2352 241 2397 δε
274 2363 455 2398 centum
477 2353 645 2416 viginti
677 2355 813 2416 capti.
851 2381 868 2392 *-

195 2423 303 2469 XX.
341 2425 470 2470 Dum
506 2426 644 2472 ambo
682 2426 889 2475 consules
923 2426 1163 2491 omnisque
1200 2427 1405 2474 Romana

109 2493 182 2559 vis
211 2494 258 2542 in
280 2496 516 2551 Etruscum
543 2498 714 2547 bellurn
742 2500 883 2565 magis
911 2501 1128 2559 inclinat,
1150 2501 1195 2547 in
1222 2499 1404 2546 Samnio
