1701 3008
275 222 356 269 1N
402 221 1136 280 Loc,r.1ss.x1111.1v.
1287 235 1377 282 139

97 327 320 379 discedere,
350 330 532 370 extricare
569 328 647 369 visa
681 329 733 368 est
768 325 970 368 Siciliensis
1008 327 1229 378 expeditio,
1257 339 1374 376 quam

94 392 178 442 post
208 392 364 444 longam
390 395 425 432 δε
455 392 662 442 ancipitem
698 389 1039 437 deliberationem,
1066 389 1223 428 tandem
1249 389 1377 428 statuit

92 452 290 506 suscipere.
315 456 376 495 Sic
404 457 510 494 enim
533 455 568 494 ἃ
589 454 806 495 Romanum
836 451 983 492 bellum
1006 450 1163 491 honeste
1193 450 1380 490 declinari

93 517 200 568 posse
233 516 435 568 sperabat:
467 518 503 556 ἅτ
528 517 734 566 imperium
769 513 898 554 insulae
928 513 1234 563 locupletiffimae
1262 526 1378 552 occu-

92 580 201 630 pari:
232 578 343 619 fimul
369 579 580 618 vindictam
617 577 664 620 de
693 574 1093 626 Carthaginiensibus,
1120 584 1162 614 ut
1194 575 1296 626 prior
1325 574 1376 614 ab

92 638 179 689 ipsis
206 638 420 685 laceffitus,
448 639 594 678 sumere
626 637 823 688 cupiebat.

148 700 306 743 XLVII.
340 701 441 741 Nam
466 699 522 738 illi
538 729 550 748 ,
571 698 744 749 suspecto
783 699 900 749 Regis
936 698 1090 738 consilio
1107 729 1118 747 ,
1146 698 1261 749 paulo
1285 706 1376 739 ante

93 763 304 813 Magonem
334 763 474 802 ducem
500 774 590 801 cum
620 771 776 801 centum
801 762 938 812 viginti
972 763 1125 801 navium
1154 761 1268 801 classe
1295 764 1377 801 mi·-

91 824 238 873 semm,
257 827 425 880 adverfits
454 837 629 863 externum
649 826 770 876 hostem
793 826 945 863 externis
969 826 1072 863 etiam
1093 824 1248 863 auxiliis
1264 839 1376 876 popu«

93 886 165 924 lum
181 888 378 926 Romanum
397 886 642 936 adju-vindam
658 885 742 938 effi,
761 885 976 925 dictitantes
994 899 1002 925 :
1034 887 1069 925 &
1094 898 1309 936 quanquam
1333 884 1375 923 ii.-

90 947 218 990 lorum
246 962 362 1000 opera
391 948 559 988 Romani
590 961 669 987 non
700 947 787 986 sunt
817 947 893 994 ufi,
923 949 1062 988 Senatu
1095 947 1375 997 respondente,

78 1012 123 1066 fi
146 1011 352 1064 conficeviffi³
374 1011 465 1049 talia
485 1010 576 1049 bella
595 1009 790 1063 ficspicere‚
808 1023 881 1062 quae
899 1011 967 1062 fico
989 1009 1100 1048 milite
1120 1010 1193 1062 geri
1211 1007 1374 1061 pqffim3

90 1073 219 1114 foedus
243 1083 374 1113 tamen
407 1073 504 1113 inter
529 1082 733 1123 utrumque
760 1070 951 1123 populum
981 1079 1116 1122 quarto
1144 1078 1372 1111 renovatum

90 1136 154 1176 est.
200 1136 390 1176 Prioribus
414 1135 607 1187 capitibus
629 1135 804 1175 additum
821 1165 832 1182 ‚
851 1146 890 1172 ut
905 1136 981 1186 five
995 1134 1176 1172 Romanus
1191 1132 1374 1185 populus,

79 1200 157 1251 five
176 1200 321 1246 Poenus,
343 1211 418 1236 cum
435 1197 578 1249 Pyrrho
592 1195 713 1249 foedus
733 1195 890 1248 flueret,
912 1194 1118 1233 nominatim
1140 1193 1372 1245 exciperetur,

88 1273 127 1299 ut
153 1261 210 1299 his
228 1259 371 1314 populis
397 1259 542 1297 invicem
563 1257 737 1300 auxiliari
769 1257 905 1302 liceret,
931 1267 1005 1293 uter
1031 1268 1142 1294 eorum
1167 1254 1255 1292 bello
1279 1265 1372 1305 pete-

85 1335 205 1362 retur-²
236 1336 340 1377 atque
366 1334 500 1375 quone-5
531 1333 660 1360 utrlvls
682 1334 794 1359 eorum
816 1319 957 1356 auxlllo
982 1331 1071 1370 opus
1091 1315 1190 1368 φὶ,
1211 1331 1282 1354 ΙΝΓΓ
1285 1330 1320 1353 es
1346 1331 1372 1353 Φ

87 1386 428 1439 Carthaginienfibus
445 1384 697 1437 praeberentur.-
711 1381 887 1435 stipendiz
901 1380 981 1433 fitis
998 1379 1137 1431 quifilue
1162 1379 1278 1416 daret.-
1304 1392 1371 1414 αιι..

87 1447 182 1487 xilia
220 1449 363 1487 Punica
395 1447 578 1484 Romanos
614 1443 701 1482 mari
719 1441 919 1496 juvarent,·
947 1440 1042 1478 exire
1071 1440 1222 1479 navibus
1251 1439 1370 1477 imitz

88 1527 132 1552 ne
157 1525 196 1550 CO
221 1522 368 1550 crentur.

141 1525 444 1622 X5V111.Qu0
471 1569 649 1611 confecto
667 1598 680 1617 ‚
705 1579 772 1618 per
799 1548 965 1618 speciem
990 1564 1094 1616 pacis
1120 1563 1369 1604 conciliando

86 1634 270 1688 Pyrrhum
293 1634 440 1674 adierat
463 1633 604 1684 Mago,
631 1629 893 1682 speculaturus
928 1627 1080 1668 confilia
1107 1627 1237 1676 Regis
1255 1639 1371 1677 quem

87 1699 128 1738 in
143 1696 310 1737 Siciliam
325 1696 440 1736 acciri
457 1693 786 1745 Carthaginienses
801 1692 1001 1733 audierant
1016 1705 1026 1739 ;
1050 1689 1277 1739 classemque
1293 1689 1370 1728 Ro-

85 1759 209 1800 manis
224 1758 446 1798 obtulerant
462 1788 472 1805 ‚
490 1770 570 1796 non
586 1765 666 1795 tam
687 1755 842 1794 iliorum
867 1755 1028 1793 caritate
1053 1763 1232 1800 curaque,
1251 1763 1368 1799 quam

87 1831 130 1861 ut
149 1821 313 1873 Pyrrhus
333 1820 468 1862 Italico
490 1819 593 1860 bello
617 1818 860 1869 implicatus,
875 1828 931 1855 res
956 1814 1163 1855 Poenorum
1186 1812 1227 1850 in
1245 1810 1368 1851 insula

88 1886 237 1940 magnis
260 1883 488 1924 successibus
508 1881 785 1922 efflorescentes
809 1893 888 1919 non
911 1885 1107 1917 everteret.
1142 1875 1246 1915 Tum
1273 1888 1368 1925 quo-

87 1960 161 1998 que
187 1947 358 1994 fretum,
375 1959 448 1996 qua
474 1947 512 1984 in
530 1944 701 1986 Siciliam
727 1944 905 1992 trajectus
931 1940 983 1979 est
999 1970 1008 1986 ‚
1036 1950 1175 1988 magno
1205 1948 1369 1976 numero

86 2009 243 2049 navium
278 2007 556 2053 observabant,
597 2006 733 2056 Rhegii
765 2004 922 2055 quidem
962 2000 1160 2040 obfidendi
1200 1999 1368 2037 studium

86 2071 356 2124 praeferentes,
383 2070 447 2110 sed
479 2071 632 2118 verius,
658 2079 699 2108 ut
730 2066 872 2119 Pyrrho
908 2063 1160 2103 transmittere
1196 2060 1367 2109 cupienti

85 2135 187 2174 viam
217 2133 526 2173 intercluderent.
558 2131 629 2172 His
650 2130 762 2177 irgitur
788 2129 836 2168 de
861 2126 977 2166 causis
997 2125 1046 2164 ad
1072 2121 1278 2164 Siciliensia
1302 2134 1367 2159 ne

86 2195 191 2245 gotia
230 2194 372 2244 adJecit
401 2193 596 2233 animum:
630 2191 712 2241 spes
732 2189 799 2240 ipsi
825 2199 980 2237 magnas
1006 2184 1170 2224 faciente
1197 2195 1286 2221 cum
1311 2194 1368 2220 rc-

85 2270 171 2296 rum
193 2255 359 2307 ipsarum
376 2256 494 2303 statu,
511 2263 593 2293 tum
617 2253 731 2293 etiam
753 2251 822 2301 leg
817 2248 1007 2289 mombm
1031 2245 1265 2292 Siculorum,
1282 2256 1365 2293 qur:

87 2317 171 2357 aliae
198 2317 308 2368 super
337 2316 432 2356 alias
467 2328 513 2355 ex
547 2313 668 2353 insula
700 2312 920 2357 venientes,
945 2308 1096 2347 omnium
1129 2305 1224 2343 unis
1252 2302 1368 2341 cvncti

85 2393 158 2418 eum
185 2378 455 2426 affirmabant,
490 2390 654 2431 tanquam
685 2376 822 2414 unicum
851 2374 1004 2412 levamen
1027 2370 1213 2415 malorum,
1240 2367 1371 2420 quibus

133 2501 153 2542 §
179 2498 297 2532 XLVI.
323 2499 437 2532 Front.
458 2510 497 2539 4,
514 2510 555 2539 4,
578 2511 606 2531 1.
629 2497 774 2542 Appian.
793 2496 868 2529 Liv.
890 2506 947 2538 34
965 2507 997 2534 4.
1018 2494 1097 2526 J‹.ast
1117 2491 1299 2526 Va1.Max.
1320 2500 1352 2529 4

86 2555 118 2591 3,
150 2540 1057 2588 14.Zonar.§XLV11.Liv.Epit.13.P01yb.3
1077 2549 1130 2580 25.
