1701 3008
269 190 358 238 186
433 189 526 237 JO.
562 179 1452 234 FRE1NSflEM11'SUPPLEM;

261 298 360 338 tudo
382 293 564 335 invitavit.
588 292 635 332 In
660 289 849 330 Corficam
876 300 921 326 ex
937 286 1110 328 Sardinia
1133 286 1261 326 facilis
1285 288 1461 337 tranfitus
1474 315 1489 335 ,
1507 290 1557 329 δι’
1579 307 1584 311 ·

262 358 394 399 insula:
429 370 509 396 non
542 350 832 404 opulentiffnnae
856 350 1047 400 promtior
1075 348 1278 399 occupatio
1306 349 1392 391 fuit.
1430 351 1477 389 At
1502 351 1551 389 im

257 424 389 468 Sicilia
411 420 616 462 diutiffime
634 418 736 458 varia
756 416 911 461 fortuna
932 415 1160 455 dimicatum
1182 415 1257 454 est:
1287 414 1543 466 maximasque

262 490 300 527 δε
324 485 498 526 victorias
523 496 569 523 ex
596 483 638 521 iis
663 480 793 528 bellis,
812 482 847 520 ἂ
875 479 1002 518 clades
1022 509 1033 527 ,
1050 477 1157 518 Poeni
1177 477 1398 517 retulerunt.
1554 472 1557 474 ’

311 547 414 587 VIII.
447 545 644 586 Hamilcar
672 544 852 594 quidem,
881 541 1086 583 Hannonis
1102 539 1144 580 F.
1169 551 1258 578 cum
1285 546 1453 579 trecenta
1473 539 1549 579 ho.

256 612 407 651 minum
434 610 553 650 millia
576 611 615 649 in
644 608 813 650 Siciliam
843 605 1103 657 deportass'et‚‘
1121 617 1143 643 a
1160 603 1308 643 Gelone
1322 603 1443 643 vietus
1459 605 1547 654 ‚im

253 674 368 714 teriit.
413 687 486 725 qua
515 672 732 712 calamitate
764 669 924 721 percum
965 665 1294 718 Carthaginienses
1332 666 1546 707 abstinuere:

255 736 406 784 Sicilia,
438 737 564 776 donec
595 736 642 775 ab
663 735 897 786 AEgestanis‚
929 745 1027 783 quos
1053 730 1262 772 Selinuntii
1289 731 1551 780 premebant,

255 800 428 849 exorati,
447 798 710 840 Hannibalem
736 796 966 839 Hamilcaris
990 794 1073 834 filio
1097 792 1267 834 Gescone
1294 802 1426 832 natum
1451 795 1545 833 emi-

254 861 395 902 serunt.
437 861 474 901 Is
503 860 699 901 Selinunte
728 873 772 899 ac
812 860 970 900 Himera
1005 856 1166 904 excilis,
1195 869 1372 906 magnam
1402 858 1544 898 iterum

254 926 471 975 potentiam
499 925 627 964 Poenis
659 925 698 963 in
726 924 857 965 Sicilia
890 922 1140 972 comparavit.
1178 920 1315 960 Imilco
1342 921 1545 972 Leptinem

253 987 423 1039 Dionysii
457 988 611 1037 majoris
646 988 805 1027 fratrem
838 987 1058 1036 ducemque
1085 984 1124 1023 in
1150 983 1279 1024 Siculo
1305 985 1398 1023 mari
1425 985 1540 1032 vicit,

254 1049 443 1100 navesque
478 1051 582 1100 cepit
618 1057 683 1088 aut
719 1048 897 1100 depressit
938 1055 1119 1095 centum,
1152 1046 1319 1085 virorum
1352 1046 1546 1087 interfecit:

254 1111 455 1163 plusquam
483 1113 621 1164 viginti
643 1112 790 1152 millia:
822 1112 962 1151 multas
988 1110 1128 1151 Siciliae
1154 1110 1326 1149 civitates
1351 1109 1545 1159 obtinuit,

254 1185 402 1226 partem
437 1189 589 1228 quoque
626 1176 895 1228 Syracusarum
922 1176 1025 1226 cepit
1053 1192 1063 1216 ε
1091 1174 1156 1213 sed
1185 1182 1265 1213 orta
1295 1181 1451 1224 repente
1471 1186 1546 1224 pe-

251 1238 438 1288 stilentia,
464 1247 547 1280 toto
588 1240 709 1279 ferme
735 1239 914 1279 absumto
949 1239 1122 1278 exercitu
1140 1269 1152 1285 ‚
1179 1249 1267 1275 cum
1295 1236 1426 1286 paucis
1453 1249 1547 1275 eum>

254 1302 525 1353 Carthaginem
553 1304 677 1343 redire
705 1302 908 1354 compulit.
953 1302 1090 1352 Neque
1120 1309 1249 1339 tamen
1277 1298 1382 1349 spem
1405 1298 1546 1345 Siciliae

254 1367 494 1416 occupandae
527 1366 752 1416 abjecerunt
778 1367 908 1414 Poeni,
935 1365 1005 1404 sed
1038 1363 1172 1414 paucis
1200 1361 1283 1411 post
1308 1361 1419 1400 annis
1452 1372 1543 1398 cum

253 1430 327 1470 alia
349 1430 461 1470 classe
485 1430 720 1470 Hannonem
740 1428 919 1470 adversus
935 1427 1160 1478 Dionyfium
1179 1423 1321 1464 bellare
1345 1422 1542 1472 jufferunt.

252 1493 386 1534 Postea
403 1492 622 1543 ,Magonem
655 1490 703 1531 ab
737 1491 843 1530 Iceta
864 1497 1046 1529 vocatum
1062 1518 1073 1535 ‚
1098 1489 1133 1527 &
1158 1487 1199 1525 in
1223 1485 1304 1540 ipsa
1328 1487 1407 1534 jam
1432 1486 1542 1535 Syra-

259 1556 397 1595 cusana
416 1555 512 1596 urbe
533 1556 649 1594 castra
672 1567 759 1594 cum
783 1553 962 1604 peditum
983 1551 1182 1602 sexaginta
1207 1548 1378 1589 millibus
1398 1547 1544 1587 haben-

254 1625 350 1666 tem,
367 1616 578 1658 Timoleon
593 1617 719 1665 ejecit.
743 1616 842 1656 Mox
856 1613 1118 1655 Hannibalem
1136 1615 1171 1652 ἃ
1184 1610 1444 1652 Hamilcarem
1459 1609 1546 1661 sep-

255 1680 431 1730 tuaginta
454 1678 578 1718 millia
598 1677 769 1717 militum
792 1678 1029 1717 adducentes
1052 1676 1157 1714 idem
1181 1672 1389 1713 Timoleon
1409 1684 1541 1722 pugna

256 1752 396 1789 magna
421 1740 517 1778 vicit
533 1770 544 1787 ‚
575 1739 772 1790 castrisque
800 1740 917 1778 exuit.

309 1803 380 1843 IX.
421 1804 497 1843 Sed
524 1803 629 1843 haud
659 1811 804 1844 temere
835 1801 1006 1842 velocior
1044 1800 1088 1839 iis
1114 1798 1194 1838 ullo
1233 1797 1336 1837 bello
1370 1800 1541 1847 majorve

256 1864 450 1904 conversio
475 1865 664 1913 fortunae,
692 1876 808 1913 quam
842 1861 1018 1902 adversus
1049 1857 1300 1905 Agathoclem
1333 1857 1438 1896 fuit:
1473 1858 1537 1907 qui

256 1926 379 1964 vietus
403 1928 438 1965 in
461 1927 610 1972 Sicilia,
638 1925 806 1966 obsessus
824 1923 1042 1975 Syracusis,
1065 1920 1169 1960 nulla
1197 1920 1376 1959 evidente
1399 1918 1464 1970 spe
1486 1918 1544 1958 sa-

256 1986 347 2027 lutis
363 2019 374 2038 ‚
398 1989 497 2029 ultro
519 1989 732 2030 transduxit
762 1990 801 2028 in
818 1987 985 2028 Africam
1011 1984 1178 2031 bellum,
1197 1981 1542 2033 Carthaginienses-

258 2063 332 2100 que
356 2051 484 2092 multis
514 2053 658 2103 proeliis
689 2053 832 2100 victos,
861 2047 1154 2090 desciscentibus
1184 2045 1316 2095 paslim
1343 2043 1539 2095 Libybus,

256 2115 298 2153 in
332 2116 541 2155 maximum
586 2113 798 2166 periculum
842 2120 1065 2161 metumque
1111 2109 1281 2158 conjecit
1311 2120 1320 2146 ε
1371 2107 1535 2145 domum

259 2176 398 2215 deinde
432 2177 622 2226 reversus,
648 2176 776 2218 Sicilia
808 2182 891 2214 tota
919 2172 1091 2224 expulit,
1118 2172 1242 2217 donec
1279 2180 1379 2207 mors
1409 2167 1532 2217 regis,

263 2240 298 2278 ἃ
331 2252 376 2278 ex
403 2252 447 2278 ea
480 2240 626 2287 turbae,
655 2240 760 2290 spem
797 2239 934 2278 iterum
971 2234 1285 2281 occasionemque
1317 2230 1540 2280 repetendae

261 2298 495 2349 poss'effionis
519 2312 758 2351 aperuerunt.
800 2298 969 2346 Exinde,
997 2303 1040 2335 ut:
1065 2295 1257 2339 diximus,
1280 2291 1381 2330 vario
1410 2291 1535 2330 Marte

261 2371 348 2398 cum
374 2359 514 2411 Pyrrho
546 2360 758 2410 bellavere,
787 2361 835 2401 ad
871 2367 1087 2399 extremum
1116 2354 1337 2404 superiores,
1375 2351 1535 2393 Interim

313 2485 333 2515 ὃ
357 2485 432 2517 VH.
450 2486 528 2519 Just.
550 2498 586 2525 4,
614 2498 628 2527 ¹3
654 2486 686 2518 &
716 2497 773 2527 19,
799 2498 830 2518 2.
855 2485 979 2518 Herod.
1008 2496 1019 2515 1
1038 2510 1045 2521 ‚
1073 2482 1145 2522 165.
1175 2482 1196 2524 ξ
1219 2480 1311 2512 VIII.
1337 2479 1439 2515 Diod.
1467 2488 1528 2522 13,

264 2540 305 2575 43
331 2529 364 2563 ὅ(
390 2542 443 2572 14»
463 2530 518 2565 60·
539 2530 619 2567 Just.
640 2541 692 2572 20,
714 2542 744 2571 5.
766 2532 854 2567 Plut.
872 2531 907 2565 in
922 2529 1113 2563 Timoleon.
1142 2539 1172 2562 c.
1193 2524 1282 2567 24&
1305 2534 1362 2569 30.
