<?xml version="1.0" encoding="UTF-8"?>
<!DOCTYPE html PUBLIC "-//W3C//DTD XHTML 1.0 Transitional//EN"
    "http://www.w3.org/TR/xhtml1/DTD/xhtml1-transitional.dtd">
<html xmlns="http://www.w3.org/1999/xhtml" xml:lang="en" lang="en">
 <head>
  <title>
</title>
<meta http-equiv="Content-Type" content="text/html;charset=utf-8" />
  <meta name='ocr-system' content='tesseract 3.04.00' />
  <meta name='ocr-capabilities' content='ocr_page ocr_carea ocr_par ocr_line ocrx_word'/>
</head>
<body>
  <div class='ocr_page' id='page_1' title='image "./historiarumlibri03livyuoft_0254.png"; bbox 0 0 1701 3008; ppageno 0'>
   <div class='ocr_carea' id='block_1_1' title="bbox 310 201 1532 262">
    <p class='ocr_par' dir='ltr' id='par_1_1' title="bbox 310 201 1532 262">
     <span class='ocr_line' id='line_1_1' title="bbox 310 201 1532 262; baseline 0.004 -13"><span class='ocrx_word' id='word_1_1' title='bbox 310 204 400 262; x_wconf 81' lang='lat'>246</span> <span class='ocrx_word' id='word_1_2' title='bbox 469 201 1532 255; x_wconf 78' lang='lat' dir='ltr'>JO.FRE1-NSHEM118UPPLEM.</span> 
     </span>
    </p>
   </div>
   <div class='ocr_carea' id='block_1_2' title="bbox 303 308 1630 978">
    <p class='ocr_par' dir='ltr' id='par_1_2' title="bbox 303 308 1630 598">
     <span class='ocr_line' id='line_1_2' title="bbox 308 308 1630 364; baseline 0.005 -17"><span class='ocrx_word' id='word_1_3' title='bbox 308 308 452 348; x_wconf 85' lang='lat' dir='ltr'>tionem</span> <span class='ocrx_word' id='word_1_4' title='bbox 478 308 581 359; x_wconf 73' lang='lat' dir='ltr'>posse</span> <span class='ocrx_word' id='word_1_5' title='bbox 597 314 810 357; x_wconf 82' lang='lat' dir='ltr'>reputaret3</span> <span class='ocrx_word' id='word_1_6' title='bbox 837 320 974 358; x_wconf 82' lang='lat' dir='ltr'>pacem</span> <span class='ocrx_word' id='word_1_7' title='bbox 1002 308 1195 349; x_wconf 78' lang='lat' dir='ltr'>tolerabili</span> <span class='ocrx_word' id='word_1_8' title='bbox 1221 313 1441 352; x_wconf 83' lang='lat' dir='ltr'>conditione</span> <span class='ocrx_word' id='word_1_9' title='bbox 1461 321 1597 364; x_wconf 82' lang='lat' dir='ltr'>peten·</span> <span class='ocrx_word' id='word_1_10' title='bbox 1627 309 1630 312; x_wconf 49' lang='lat'>¹</span> 
     </span>
     <span class='ocr_line' id='line_1_3' title="bbox 307 369 1594 428; baseline 0.002 -18"><span class='ocrx_word' id='word_1_11' title='bbox 307 371 409 410; x_wconf 80' lang='lat' dir='ltr'>tibus</span> <span class='ocrx_word' id='word_1_12' title='bbox 437 373 615 420; x_wconf 82' lang='lat' dir='ltr'>negavit,</span> <span class='ocrx_word' id='word_1_13' title='bbox 643 369 864 420; x_wconf 75' lang='lat' dir='ltr'>scripsitque</span> <span class='ocrx_word' id='word_1_14' title='bbox 898 370 1087 419; x_wconf 82' lang='lat' dir='ltr'>Romam,</span> <span class='ocrx_word' id='word_1_15' title='bbox 1108 385 1237 424; x_wconf 78' lang='lat' dir='ltr'>portas.</span> <span class='ocrx_word' id='word_1_16' title='bbox 1258 375 1483 426; x_wconf 64' lang='lat' dir='ltr'>Cuthaginis</span> <span class='ocrx_word' id='word_1_17' title='bbox 1510 390 1532 412; x_wconf 79' lang='lat' dir='ltr'>a</span> <span class='ocrx_word' id='word_1_18' title='bbox 1553 377 1594 428; x_wconf 76' lang='lat' dir='ltr'>fi·-</span> 
     </span>
     <span class='ocr_line' id='line_1_4' title="bbox 306 432 1596 487; baseline 0.004 -16"><span class='ocrx_word' id='word_1_19' title='bbox 306 445 395 472; x_wconf 71' lang='lat' dir='ltr'>metu</span> <span class='ocrx_word' id='word_1_20' title='bbox 429 434 629 484; x_wconf 71' lang='lat' dir='ltr'>ohfignatas</span> <span class='ocrx_word' id='word_1_21' title='bbox 666 432 784 469; x_wconf 80' lang='lat' dir='ltr'>teneri.</span> <span class='ocrx_word' id='word_1_22' title='bbox 843 432 900 471; x_wconf 87' lang='lat' dir='ltr'>Ita</span> <span class='ocrx_word' id='word_1_23' title='bbox 937 446 1095 483; x_wconf 82' lang='lat' dir='ltr'>magnos</span> <span class='ocrx_word' id='word_1_24' title='bbox 1129 435 1246 474; x_wconf 86' lang='lat' dir='ltr'>etiam</span> <span class='ocrx_word' id='word_1_25' title='bbox 1275 436 1422 475; x_wconf 88' lang='lat' dir='ltr'>animos</span> <span class='ocrx_word' id='word_1_26' title='bbox 1460 436 1596 487; x_wconf 74' lang='lat' dir='ltr'>saepius</span> 
     </span>
     <span class='ocr_line' id='line_1_5' title="bbox 306 493 1594 548; baseline 0.002 -13"><span class='ocrx_word' id='word_1_27' title='bbox 306 495 351 535; x_wconf 83' lang='lat' dir='ltr'>in</span> <span class='ocrx_word' id='word_1_28' title='bbox 376 494 550 534; x_wconf 82' lang='lat' dir='ltr'>secundis</span> <span class='ocrx_word' id='word_1_29' title='bbox 577 493 690 534; x_wconf 85' lang='lat' dir='ltr'>rebus</span> <span class='ocrx_word' id='word_1_30' title='bbox 710 494 952 545; x_wconf 81' lang='lat' dir='ltr'>moderatio,</span> <span class='ocrx_word' id='word_1_31' title='bbox 976 508 1092 546; x_wconf 85' lang='lat' dir='ltr'>quam</span> <span class='ocrx_word' id='word_1_32' title='bbox 1114 496 1154 537; x_wconf 87' lang='lat' dir='ltr'>in</span> <span class='ocrx_word' id='word_1_33' title='bbox 1176 498 1336 537; x_wconf 77' lang='lat' dir='ltr'>adversis</span> <span class='ocrx_word' id='word_1_34' title='bbox 1357 498 1565 538; x_wconf 85' lang='lat' dir='ltr'>constantia</span> <span class='ocrx_word' id='word_1_35' title='bbox 1581 528 1594 548; x_wconf 95' lang='lat'>,</span> 
     </span>
     <span class='ocr_line' id='line_1_6' title="bbox 303 558 488 598; baseline -0.011 0"><span class='ocrx_word' id='word_1_36' title='bbox 303 558 488 598; x_wconf 82' lang='lat' dir='ltr'>deseruit.</span> 
     </span>
    </p>

    <p class='ocr_par' dir='ltr' id='par_1_3' title="bbox 305 621 1599 978">
     <span class='ocr_line' id='line_1_7' title="bbox 359 621 1591 673; baseline 0.003 -12"><span class='ocrx_word' id='word_1_37' title='bbox 359 621 508 661; x_wconf 77' lang='lat' dir='ltr'>XXIV.</span> <span class='ocrx_word' id='word_1_38' title='bbox 534 621 714 661; x_wconf 89' lang='lat' dir='ltr'>Ceterum</span> <span class='ocrx_word' id='word_1_39' title='bbox 738 621 867 661; x_wconf 72' lang='lat' dir='ltr'>Poenis</span> <span class='ocrx_word' id='word_1_40' title='bbox 889 622 1005 661; x_wconf 83' lang='lat' dir='ltr'>castra</span> <span class='ocrx_word' id='word_1_41' title='bbox 1025 622 1112 661; x_wconf 74' lang='lat'>1000</span> <span class='ocrx_word' id='word_1_42' title='bbox 1134 636 1241 673; x_wconf 84' lang='lat' dir='ltr'>aequo</span> <span class='ocrx_word' id='word_1_43' title='bbox 1261 623 1511 670; x_wconf 73' lang='lat' dir='ltr'><strong>habentibus,</strong></span> <span class='ocrx_word' id='word_1_44' title='bbox 1532 623 1591 665; x_wconf 89' lang='lat' dir='ltr'>M.</span> 
     </span>
     <span class='ocr_line' id='line_1_8' title="bbox 305 682 1596 734; baseline 0.003 -13"><span class='ocrx_word' id='word_1_45' title='bbox 305 682 501 733; x_wconf 84' lang='lat' dir='ltr'><strong>Regulus,</strong></span> <span class='ocrx_word' id='word_1_46' title='bbox 519 683 581 721; x_wconf 89' lang='lat' dir='ltr'>cui</span> <span class='ocrx_word' id='word_1_47' title='bbox 603 683 642 721; x_wconf 91' lang='lat' dir='ltr'>in</span> <span class='ocrx_word' id='word_1_48' title='bbox 664 682 837 732; x_wconf 81' lang='lat' dir='ltr'>peditatu</span> <span class='ocrx_word' id='word_1_49' title='bbox 852 683 936 733; x_wconf 72' lang='lat' dir='ltr'>plus</span> <span class='ocrx_word' id='word_1_50' title='bbox 959 684 1126 727; x_wconf 81' lang='lat' dir='ltr'>roboris,</span> <span class='ocrx_word' id='word_1_51' title='bbox 1143 698 1265 734; x_wconf 89' lang='lat' dir='ltr'>eoque</span> <span class='ocrx_word' id='word_1_52' title='bbox 1288 685 1462 725; x_wconf 69' lang='lat' dir='ltr'>montosa</span> <span class='ocrx_word' id='word_1_53' title='bbox 1483 687 1596 725; x_wconf 75' lang='lat' dir='ltr'>&amp;ar-</span> 
     </span>
     <span class='ocr_line' id='line_1_9' title="bbox 311 743 1597 796; baseline 0 -11"><span class='ocrx_word' id='word_1_54' title='bbox 311 746 388 785; x_wconf 85' lang='lat' dir='ltr'>dua</span> <span class='ocrx_word' id='word_1_55' title='bbox 417 743 503 784; x_wconf 86' lang='lat' dir='ltr'>loca</span> <span class='ocrx_word' id='word_1_56' title='bbox 527 744 706 784; x_wconf 71' lang='lat' dir='ltr'>sectanda</span> <span class='ocrx_word' id='word_1_57' title='bbox 732 751 866 791; x_wconf 87' lang='lat' dir='ltr'>erant,</span> <span class='ocrx_word' id='word_1_58' title='bbox 897 744 992 783; x_wconf 82' lang='lat' dir='ltr'>nihil</span> <span class='ocrx_word' id='word_1_59' title='bbox 1019 745 1157 784; x_wconf 83' lang='lat' dir='ltr'>referre</span> <span class='ocrx_word' id='word_1_60' title='bbox 1174 746 1321 784; x_wconf 87' lang='lat' dir='ltr'>virtutis</span> <span class='ocrx_word' id='word_1_61' title='bbox 1347 756 1510 796; x_wconf 86' lang='lat' dir='ltr'>putans,</span> <span class='ocrx_word' id='word_1_62' title='bbox 1528 745 1597 785; x_wconf 83' lang='lat' dir='ltr'>ubi</span> 
     </span>
     <span class='ocr_line' id='line_1_10' title="bbox 312 806 1597 856; baseline 0.002 -13"><span class='ocrx_word' id='word_1_63' title='bbox 312 806 541 852; x_wconf 83' lang='lat' dir='ltr'>dimicaret,</span> <span class='ocrx_word' id='word_1_64' title='bbox 572 818 651 845; x_wconf 90' lang='lat' dir='ltr'>non</span> <span class='ocrx_word' id='word_1_65' title='bbox 673 806 800 844; x_wconf 86' lang='lat' dir='ltr'>timuit</span> <span class='ocrx_word' id='word_1_66' title='bbox 827 808 860 846; x_wconf 66' lang='lat'>8&lt;</span> <span class='ocrx_word' id='word_1_67' title='bbox 884 806 962 854; x_wconf 76' lang='lat' dir='ltr'>ipse</span> <span class='ocrx_word' id='word_1_68' title='bbox 986 819 1123 856; x_wconf 84' lang='lat' dir='ltr'>campo</span> <span class='ocrx_word' id='word_1_69' title='bbox 1147 806 1184 845; x_wconf 86' lang='lat' dir='ltr'>se</span> <span class='ocrx_word' id='word_1_70' title='bbox 1207 807 1362 845; x_wconf 86' lang='lat' dir='ltr'>credere</span> <span class='ocrx_word' id='word_1_71' title='bbox 1377 838 1388 854; x_wconf 85' lang='lat'>,</span> <span class='ocrx_word' id='word_1_72' title='bbox 1412 808 1527 845; x_wconf 86' lang='lat' dir='ltr'>etiam</span> <span class='ocrx_word' id='word_1_73' title='bbox 1547 807 1597 846; x_wconf 84' lang='lat' dir='ltr'>ad</span> 
     </span>
     <span class='ocr_line' id='line_1_11' title="bbox 309 867 1599 916; baseline -0.002 -9"><span class='ocrx_word' id='word_1_74' title='bbox 309 869 497 916; x_wconf 83' lang='lat' dir='ltr'>majorem</span> <span class='ocrx_word' id='word_1_75' title='bbox 524 867 816 906; x_wconf 85' lang='lat' dir='ltr'>ostentationem</span> <span class='ocrx_word' id='word_1_76' title='bbox 841 867 992 906; x_wconf 81' lang='lat' dir='ltr'>fiduciae</span> <span class='ocrx_word' id='word_1_77' title='bbox 1006 898 1015 910; x_wconf 80' lang='grc'>,</span> <span class='ocrx_word' id='word_1_78' title='bbox 1040 867 1157 905; x_wconf 80' lang='lat' dir='ltr'>fluvio</span> <span class='ocrx_word' id='word_1_79' title='bbox 1171 897 1181 914; x_wconf 86' lang='lat'>,</span> <span class='ocrx_word' id='word_1_80' title='bbox 1197 867 1259 916; x_wconf 84' lang='lat' dir='ltr'>qui</span> <span class='ocrx_word' id='word_1_81' title='bbox 1288 868 1436 907; x_wconf 79' lang='lat' dir='ltr'>medius</span> <span class='ocrx_word' id='word_1_82' title='bbox 1451 868 1599 916; x_wconf 86' lang='lat' dir='ltr'>fuerat,</span> 
     </span>
     <span class='ocr_line' id='line_1_12' title="bbox 307 926 1596 978; baseline -0.002 -9"><span class='ocrx_word' id='word_1_83' title='bbox 307 927 522 973; x_wconf 69' lang='lat' dir='ltr'>transmisso</span> <span class='ocrx_word' id='word_1_84' title='bbox 547 942 557 969; x_wconf 92' lang='lat'>:</span> <span class='ocrx_word' id='word_1_85' title='bbox 590 927 841 978; x_wconf 80' lang='lat' dir='ltr'>paffuumque</span> <span class='ocrx_word' id='word_1_86' title='bbox 875 928 955 966; x_wconf 86' lang='lat' dir='ltr'>fere</span> <span class='ocrx_word' id='word_1_87' title='bbox 979 926 1084 966; x_wconf 84' lang='lat' dir='ltr'>mille</span> <span class='ocrx_word' id='word_1_88' title='bbox 1110 928 1362 966; x_wconf 84' lang='lat' dir='ltr'>ducentorum</span> <span class='ocrx_word' id='word_1_89' title='bbox 1396 926 1596 966; x_wconf 76' lang='lat' dir='ltr'>intervallo</span> 
     </span>
    </p>
   </div>
   <div class='ocr_carea' id='block_1_3' title="bbox 307 987 1683 1040">
    <p class='ocr_par' dir='ltr' id='par_1_4' title="bbox 307 987 1683 1040">
     <span class='ocr_line' id='line_1_13' title="bbox 307 987 1683 1040; baseline -0.002 -9"><span class='ocrx_word' id='word_1_90' title='bbox 307 991 356 1031; x_wconf 90' lang='lat' dir='ltr'>ab</span> <span class='ocrx_word' id='word_1_91' title='bbox 381 991 486 1031; x_wconf 88' lang='lat' dir='ltr'>hoste</span> <span class='ocrx_word' id='word_1_92' title='bbox 508 990 688 1030; x_wconf 86' lang='lat' dir='ltr'>constitit.</span> <span class='ocrx_word' id='word_1_93' title='bbox 714 990 965 1039; x_wconf 84' lang='lat' dir='ltr'>Xanthippus</span> <span class='ocrx_word' id='word_1_94' title='bbox 983 989 1148 1028; x_wconf 84' lang='lat' dir='ltr'>Romani</span> <span class='ocrx_word' id='word_1_95' title='bbox 1167 990 1275 1028; x_wconf 89' lang='lat' dir='ltr'>ducis</span> <span class='ocrx_word' id='word_1_96' title='bbox 1294 990 1597 1040; x_wconf 82' lang='lat' dir='ltr'>imprudentiam</span> <span class='ocrx_word' id='word_1_97' title='bbox 1622 987 1624 990; x_wconf 64' lang='grc'>’</span> <span class='ocrx_word' id='word_1_98' title='bbox 1675 1002 1683 1009; x_wconf 61' lang='grc'><strong>“</strong></span> 
     </span>
    </p>
   </div>
   <div class='ocr_carea' id='block_1_4' title="bbox 301 1051 1596 1540">
    <p class='ocr_par' dir='ltr' id='par_1_5' title="bbox 301 1051 1595 1229">
     <span class='ocr_line' id='line_1_14' title="bbox 304 1051 1595 1106; baseline -0.002 -13"><span class='ocrx_word' id='word_1_99' title='bbox 304 1053 572 1104; x_wconf 79' lang='lat' dir='ltr'>conspicatus,</span> <span class='ocrx_word' id='word_1_100' title='bbox 600 1055 663 1092; x_wconf 82' lang='lat' dir='ltr'>boc</span> <span class='ocrx_word' id='word_1_101' title='bbox 690 1053 784 1091; x_wconf 81' lang='lat' dir='ltr'>illud</span> <span class='ocrx_word' id='word_1_102' title='bbox 799 1065 932 1105; x_wconf 78' lang='lat' dir='ltr'>tempus</span> <span class='ocrx_word' id='word_1_103' title='bbox 952 1051 1038 1104; x_wconf 73' lang='lat' dir='ltr'>ff,</span> <span class='ocrx_word' id='word_1_104' title='bbox 1067 1067 1134 1104; x_wconf 83' lang='lat' dir='ltr'>quo</span> <span class='ocrx_word' id='word_1_105' title='bbox 1159 1051 1321 1105; x_wconf 70' lang='lat' dir='ltr'>promzſjZz</span> <span class='ocrx_word' id='word_1_106' title='bbox 1340 1054 1411 1106; x_wconf 73' lang='grc' dir='ltr'><em>[ιιι</em></span> <span class='ocrx_word' id='word_1_107' title='bbox 1447 1054 1595 1092; x_wconf 82' lang='lat' dir='ltr'>Carclzz-</span> 
     </span>
     <span class='ocr_line' id='line_1_15' title="bbox 301 1114 1596 1172; baseline -0.002 -17"><span class='ocrx_word' id='word_1_108' title='bbox 301 1119 445 1172; x_wconf 70' lang='lat' dir='ltr'>giniens-</span> <span class='ocrx_word' id='word_1_109' title='bbox 430 1119 512 1155; x_wconf 53' lang='lat' dir='ltr'>§bus</span> <span class='ocrx_word' id='word_1_110' title='bbox 526 1115 740 1168; x_wconf 67' lang='lat' dir='ltr'>exfialveret,</span> <span class='ocrx_word' id='word_1_111' title='bbox 756 1114 974 1155; x_wconf 88' lang='lat' dir='ltr'>testabatur.</span> <span class='ocrx_word' id='word_1_112' title='bbox 1005 1115 1107 1164; x_wconf 90' lang='lat' dir='ltr'>quod</span> <span class='ocrx_word' id='word_1_113' title='bbox 1124 1115 1224 1153; x_wconf 87' lang='lat' dir='ltr'>enim</span> <span class='ocrx_word' id='word_1_114' title='bbox 1249 1116 1445 1154; x_wconf 83' lang='lat' dir='ltr'>Romanos</span> <span class='ocrx_word' id='word_1_115' title='bbox 1466 1127 1512 1154; x_wconf 83' lang='lat' dir='ltr'>ex</span> <span class='ocrx_word' id='word_1_116' title='bbox 1535 1115 1596 1154; x_wconf 84' lang='lat' dir='ltr'>iti-</span> 
     </span>
     <span class='ocr_line' id='line_1_16' title="bbox 302 1175 1593 1229; baseline -0.003 -9"><span class='ocrx_word' id='word_1_117' title='bbox 302 1180 405 1220; x_wconf 83' lang='lat' dir='ltr'>neris</span> <span class='ocrx_word' id='word_1_118' title='bbox 420 1178 554 1218; x_wconf 82' lang='lat' dir='ltr'>labore</span> <span class='ocrx_word' id='word_1_119' title='bbox 570 1178 814 1229; x_wconf 84' lang='lat' dir='ltr'>defatigatos,</span> <span class='ocrx_word' id='word_1_120' title='bbox 825 1175 1000 1228; x_wconf 78' lang='lat' dir='ltr'>qualibus</span> <span class='ocrx_word' id='word_1_121' title='bbox 1013 1177 1211 1227; x_wconf 79' lang='lat' dir='ltr'>optavillet</span> <span class='ocrx_word' id='word_1_122' title='bbox 1222 1177 1332 1226; x_wconf 87' lang='lat' dir='ltr'>locis,</span> <span class='ocrx_word' id='word_1_123' title='bbox 1342 1178 1473 1217; x_wconf 66' lang='lat' dir='ltr'>nac‘tus</span> <span class='ocrx_word' id='word_1_124' title='bbox 1490 1185 1593 1217; x_wconf 84' lang='lat' dir='ltr'>erat:</span> 
     </span>
    </p>

    <p class='ocr_par' dir='ltr' id='par_1_6' title="bbox 303 1238 1596 1477">
     <span class='ocr_line' id='line_1_17' title="bbox 305 1238 1596 1309; baseline -0.005 -27"><span class='ocrx_word' id='word_1_125' title='bbox 305 1241 413 1282; x_wconf 77' lang='lat' dir='ltr'>suam</span> <span class='ocrx_word' id='word_1_126' title='bbox 442 1241 523 1279; x_wconf 88' lang='lat' dir='ltr'>fore</span> <span class='ocrx_word' id='word_1_127' title='bbox 549 1240 748 1280; x_wconf 61' lang='lat' dir='ltr'>victoriam</span> <span class='ocrx_word' id='word_1_128' title='bbox 778 1252 857 1278; x_wconf 86' lang='lat' dir='ltr'>non</span> <span class='ocrx_word' id='word_1_129' title='bbox 882 1238 1094 1278; x_wconf 82' lang='lat' dir='ltr'>dubitabat.</span> <span class='ocrx_word' id='word_1_130' title='bbox 1131 1246 1284 1288; x_wconf 79' lang='lat' dir='ltr'>tenipus</span> <span class='ocrx_word' id='word_1_131' title='bbox 1309 1239 1427 1277; x_wconf 83' lang='lat' dir='ltr'>etiam</span> <span class='ocrx_word' id='word_1_132' title='bbox 1455 1250 1596 1309; x_wconf 67' lang='lat' dir='ltr'>oppor-</span> 
     </span>
     <span class='ocr_line' id='line_1_18' title="bbox 306 1299 1593 1350; baseline -0.001 -9"><span class='ocrx_word' id='word_1_133' title='bbox 306 1301 547 1342; x_wconf 67' lang='lat' dir='ltr'>tuniffimum</span> <span class='ocrx_word' id='word_1_134' title='bbox 583 1301 631 1339; x_wconf 87' lang='lat' dir='ltr'>ad</span> <span class='ocrx_word' id='word_1_135' title='bbox 661 1313 831 1350; x_wconf 86' lang='lat' dir='ltr'>pugnam</span> <span class='ocrx_word' id='word_1_136' title='bbox 858 1299 1082 1348; x_wconf 86' lang='lat' dir='ltr'>videbatur;</span> <span class='ocrx_word' id='word_1_137' title='bbox 1117 1299 1223 1350; x_wconf 81' lang='lat' dir='ltr'>quod</span> <span class='ocrx_word' id='word_1_138' title='bbox 1250 1300 1431 1350; x_wconf 84' lang='lat' dir='ltr'>praecipiti</span> <span class='ocrx_word' id='word_1_139' title='bbox 1453 1301 1593 1350; x_wconf 79' lang='lat' dir='ltr'>jamin</span> 
     </span>
     <span class='ocr_line' id='line_1_19' title="bbox 303 1356 1594 1414; baseline -0.005 -10"><span class='ocrx_word' id='word_1_140' title='bbox 303 1363 503 1414; x_wconf 82' lang='lat' dir='ltr'>vesperam</span> <span class='ocrx_word' id='word_1_141' title='bbox 534 1356 621 1411; x_wconf 86' lang='lat' dir='ltr'>die,</span> <span class='ocrx_word' id='word_1_142' title='bbox 650 1363 753 1402; x_wconf 87' lang='lat' dir='ltr'>Afris</span> <span class='ocrx_word' id='word_1_143' title='bbox 777 1361 953 1401; x_wconf 84' lang='lat' dir='ltr'>locorum</span> <span class='ocrx_word' id='word_1_144' title='bbox 978 1361 1125 1414; x_wconf 84' lang='lat' dir='ltr'>gnaris,</span> <span class='ocrx_word' id='word_1_145' title='bbox 1150 1362 1223 1400; x_wconf 85' lang='lat' dir='ltr'>five</span> <span class='ocrx_word' id='word_1_146' title='bbox 1243 1363 1512 1410; x_wconf 84' lang='lat' dir='ltr'>vincerentur,</span> <span class='ocrx_word' id='word_1_147' title='bbox 1537 1362 1594 1402; x_wconf 70' lang='lat' dir='ltr'>ef-</span> 
     </span>
     <span class='ocr_line' id='line_1_20' title="bbox 303 1425 1593 1477; baseline -0.002 -11"><span class='ocrx_word' id='word_1_148' title='bbox 303 1428 459 1477; x_wconf 74' lang='lat' dir='ltr'>fugium</span> <span class='ocrx_word' id='word_1_149' title='bbox 487 1441 553 1476; x_wconf 88' lang='lat' dir='ltr'>per</span> <span class='ocrx_word' id='word_1_150' title='bbox 579 1429 733 1466; x_wconf 60' lang='lat' dir='ltr'>noctem</span> <span class='ocrx_word' id='word_1_151' title='bbox 765 1426 915 1466; x_wconf 84' lang='lat' dir='ltr'>facilius</span> <span class='ocrx_word' id='word_1_152' title='bbox 949 1434 1030 1465; x_wconf 88' lang='lat' dir='ltr'>erat</span> <span class='ocrx_word' id='word_1_153' title='bbox 1054 1425 1253 1474; x_wconf 80' lang='lat' dir='ltr'>futurum3</span> <span class='ocrx_word' id='word_1_154' title='bbox 1283 1425 1358 1464; x_wconf 82' lang='lat' dir='ltr'>{ive</span> <span class='ocrx_word' id='word_1_155' title='bbox 1372 1425 1593 1474; x_wconf 73' lang='lat' dir='ltr'>vincerent,</span> 
     </span>
    </p>

    <p class='ocr_par' dir='ltr' id='par_1_7' title="bbox 306 1487 1595 1540">
     <span class='ocr_line' id='line_1_21' title="bbox 306 1487 1595 1540; baseline -0.003 -10"><span class='ocrx_word' id='word_1_156' title='bbox 306 1489 407 1530; x_wconf 86' lang='lat' dir='ltr'>nihil</span> <span class='ocrx_word' id='word_1_157' title='bbox 432 1490 478 1529; x_wconf 85' lang='lat' dir='ltr'>ad</span> <span class='ocrx_word' id='word_1_158' title='bbox 501 1489 699 1530; x_wconf 69' lang='lat' dir='ltr'>viCtoriam</span> <span class='ocrx_word' id='word_1_159' title='bbox 724 1488 1026 1540; x_wconf 85' lang='lat' dir='ltr'>persequendam</span> <span class='ocrx_word' id='word_1_160' title='bbox 1051 1488 1329 1538; x_wconf 82' lang='lat' dir='ltr'>impedimenti.</span> <span class='ocrx_word' id='word_1_161' title='bbox 1369 1487 1595 1528; x_wconf 77' lang='lat' dir='ltr'>Consultan-</span> 
     </span>
    </p>
   </div>
   <div class='ocr_carea' id='block_1_5' title="bbox 305 1547 1658 1601">
    <p class='ocr_par' dir='ltr' id='par_1_8' title="bbox 305 1547 1658 1601">
     <span class='ocr_line' id='line_1_22' title="bbox 305 1547 1658 1601; baseline -0.001 -13"><span class='ocrx_word' id='word_1_162' title='bbox 305 1550 411 1588; x_wconf 80' lang='lat' dir='ltr'>tibus</span> <span class='ocrx_word' id='word_1_163' title='bbox 437 1563 526 1598; x_wconf 65' lang='lat' dir='ltr'>ergo</span> <span class='ocrx_word' id='word_1_164' title='bbox 556 1550 707 1597; x_wconf 79' lang='lat' dir='ltr'>Poenis,</span> <span class='ocrx_word' id='word_1_165' title='bbox 725 1549 816 1599; x_wconf 78' lang='lat' dir='ltr'>quid</span> <span class='ocrx_word' id='word_1_166' title='bbox 841 1549 1035 1599; x_wconf 83' lang='lat' dir='ltr'>agendum</span> <span class='ocrx_word' id='word_1_167' title='bbox 1063 1547 1175 1597; x_wconf 81' lang='lat' dir='ltr'>effet,</span> <span class='ocrx_word' id='word_1_168' title='bbox 1201 1551 1338 1588; x_wconf 82' lang='lat' dir='ltr'>deorum</span> <span class='ocrx_word' id='word_1_169' title='bbox 1357 1550 1596 1601; x_wconf 81' lang='lat' dir='ltr'>hominumque</span> <span class='ocrx_word' id='word_1_170' title='bbox 1656 1568 1658 1570; x_wconf 96' lang='lat'>·</span> 
     </span>
    </p>
   </div>
   <div class='ocr_carea' id='block_1_6' title="bbox 301 1611 1597 2406">
    <p class='ocr_par' dir='ltr' id='par_1_9' title="bbox 301 1611 1595 1849">
     <span class='ocr_line' id='line_1_23' title="bbox 301 1611 1595 1664; baseline 0.003 -16"><span class='ocrx_word' id='word_1_171' title='bbox 301 1613 409 1663; x_wconf 82' lang='lat' dir='ltr'>fidem</span> <span class='ocrx_word' id='word_1_172' title='bbox 440 1611 621 1650; x_wconf 81' lang='lat' dir='ltr'>invocans</span> <span class='ocrx_word' id='word_1_173' title='bbox 638 1643 650 1658; x_wconf 93' lang='lat'><em>‚</em></span> <span class='ocrx_word' id='word_1_174' title='bbox 680 1628 721 1649; x_wconf 83' lang='lat' dir='ltr'>ne</span> <span class='ocrx_word' id='word_1_175' title='bbox 751 1625 822 1650; x_wconf 75' lang='lat' dir='ltr'>tam</span> <span class='ocrx_word' id='word_1_176' title='bbox 845 1613 1048 1664; x_wconf 70' lang='lat' dir='ltr'>praeclaram</span> <span class='ocrx_word' id='word_1_177' title='bbox 1086 1615 1291 1664; x_wconf 75' lang='lat' dir='ltr'>occafionem</span> <span class='ocrx_word' id='word_1_178' title='bbox 1321 1614 1519 1663; x_wconf 78' lang='lat' dir='ltr'>perderent,</span> <span class='ocrx_word' id='word_1_179' title='bbox 1545 1612 1595 1652; x_wconf 85' lang='lat' dir='ltr'>ad</span> 
     </span>
     <span class='ocr_line' id='line_1_24' title="bbox 302 1672 1593 1724; baseline 0.003 -15"><span class='ocrx_word' id='word_1_180' title='bbox 302 1672 488 1723; x_wconf 72' lang='lat' dir='ltr'>proelium</span> <span class='ocrx_word' id='word_1_181' title='bbox 519 1674 788 1723; x_wconf 72' lang='lat' dir='ltr'>capessendum</span> <span class='ocrx_word' id='word_1_182' title='bbox 819 1687 955 1713; x_wconf 85' lang='lat' dir='ltr'>omnes</span> <span class='ocrx_word' id='word_1_183' title='bbox 982 1673 1162 1724; x_wconf 82' lang='lat' dir='ltr'>impulit,</span> <span class='ocrx_word' id='word_1_184' title='bbox 1202 1688 1248 1713; x_wconf 83' lang='lat' dir='ltr'>eo</span> <span class='ocrx_word' id='word_1_185' title='bbox 1285 1673 1461 1720; x_wconf 84' lang='lat' dir='ltr'>facilius,</span> <span class='ocrx_word' id='word_1_186' title='bbox 1486 1674 1593 1724; x_wconf 85' lang='lat' dir='ltr'>quod</span> 
     </span>
     <span class='ocr_line' id='line_1_25' title="bbox 305 1734 1592 1786; baseline 0.001 -12"><span class='ocrx_word' id='word_1_187' title='bbox 305 1735 373 1785; x_wconf 76' lang='lat' dir='ltr'>ipsi</span> <span class='ocrx_word' id='word_1_188' title='bbox 406 1734 546 1774; x_wconf 82' lang='lat' dir='ltr'>milites</span> <span class='ocrx_word' id='word_1_189' title='bbox 571 1735 787 1786; x_wconf 80' lang='lat' dir='ltr'>Xanthippi</span> <span class='ocrx_word' id='word_1_190' title='bbox 811 1749 954 1776; x_wconf 89' lang='lat' dir='ltr'>nomen</span> <span class='ocrx_word' id='word_1_191' title='bbox 978 1736 1228 1777; x_wconf 76' lang='lat' dir='ltr'>inclamantes</span> <span class='ocrx_word' id='word_1_192' title='bbox 1247 1766 1258 1785; x_wconf 81' lang='lat'>,</span> <span class='ocrx_word' id='word_1_193' title='bbox 1287 1735 1440 1775; x_wconf 79' lang='lat' dir='ltr'>insolita</span> <span class='ocrx_word' id='word_1_194' title='bbox 1463 1734 1592 1775; x_wconf 72' lang='lat' dir='ltr'>alacri-</span> 
     </span>
     <span class='ocr_line' id='line_1_26' title="bbox 304 1797 936 1849; baseline 0.003 -14"><span class='ocrx_word' id='word_1_195' title='bbox 304 1802 383 1836; x_wconf 75' lang='lat' dir='ltr'>tate</span> <span class='ocrx_word' id='word_1_196' title='bbox 410 1797 555 1836; x_wconf 80' lang='lat' dir='ltr'>hostem</span> <span class='ocrx_word' id='word_1_197' title='bbox 588 1797 685 1837; x_wconf 84' lang='lat' dir='ltr'>ultro</span> <span class='ocrx_word' id='word_1_198' title='bbox 714 1799 936 1849; x_wconf 81' lang='lat' dir='ltr'>poscebant.</span> 
     </span>
    </p>

    <p class='ocr_par' dir='ltr' id='par_1_10' title="bbox 305 1855 1597 2406">
     <span class='ocr_line' id='line_1_27' title="bbox 359 1855 1593 1910; baseline -0.002 -11"><span class='ocrx_word' id='word_1_199' title='bbox 359 1859 489 1899; x_wconf 80' lang='lat' dir='ltr'>XXV.</span> <span class='ocrx_word' id='word_1_200' title='bbox 527 1858 685 1898; x_wconf 83' lang='lat' dir='ltr'>Summa</span> <span class='ocrx_word' id='word_1_201' title='bbox 710 1860 824 1910; x_wconf 82' lang='lat' dir='ltr'>igitur</span> <span class='ocrx_word' id='word_1_202' title='bbox 846 1860 899 1897; x_wconf 89' lang='lat' dir='ltr'>rei</span> <span class='ocrx_word' id='word_1_203' title='bbox 925 1859 1111 1907; x_wconf 82' lang='lat' dir='ltr'>Spartano</span> <span class='ocrx_word' id='word_1_204' title='bbox 1141 1856 1339 1908; x_wconf 67' lang='lat' dir='ltr'>permissa,</span> <span class='ocrx_word' id='word_1_205' title='bbox 1370 1856 1501 1895; x_wconf 85' lang='lat' dir='ltr'>educit</span> <span class='ocrx_word' id='word_1_206' title='bbox 1525 1855 1593 1896; x_wconf 81' lang='lat' dir='ltr'>ille</span> 
     </span>
     <span class='ocr_line' id='line_1_28' title="bbox 307 1918 1597 1971; baseline -0.004 -11"><span class='ocrx_word' id='word_1_207' title='bbox 307 1922 542 1969; x_wconf 73' lang='lat' dir='ltr'>exercitum,</span> <span class='ocrx_word' id='word_1_208' title='bbox 571 1922 791 1971; x_wconf 83' lang='lat' dir='ltr'>instruitque</span> <span class='ocrx_word' id='word_1_209' title='bbox 822 1922 897 1959; x_wconf 89' lang='lat' dir='ltr'>hoc</span> <span class='ocrx_word' id='word_1_210' title='bbox 927 1921 1045 1959; x_wconf 87' lang='lat' dir='ltr'>modo</span> <span class='ocrx_word' id='word_1_211' title='bbox 1075 1934 1083 1960; x_wconf 90' lang='lat'><strong>:</strong></span> <span class='ocrx_word' id='word_1_212' title='bbox 1117 1919 1284 1960; x_wconf 67' lang='lat' dir='ltr'>Phalanx</span> <span class='ocrx_word' id='word_1_213' title='bbox 1310 1918 1597 1970; x_wconf 79' lang='lat' dir='ltr'>Carthaginien..</span> 
     </span>
     <span class='ocr_line' id='line_1_29' title="bbox 309 1982 1592 2035; baseline -0.001 -12"><span class='ocrx_word' id='word_1_214' title='bbox 309 1985 402 2023; x_wconf 72' lang='lat' dir='ltr'>{ium</span> <span class='ocrx_word' id='word_1_215' title='bbox 421 2015 431 2027; x_wconf 77' lang='grc'>,</span> <span class='ocrx_word' id='word_1_216' title='bbox 459 1985 495 2022; x_wconf 85' lang='lat' dir='ltr'>in</span> <span class='ocrx_word' id='word_1_217' title='bbox 515 1999 587 2033; x_wconf 79' lang='lat' dir='ltr'>qua</span> <span class='ocrx_word' id='word_1_218' title='bbox 614 1985 731 2023; x_wconf 82' lang='lat' dir='ltr'>robur</span> <span class='ocrx_word' id='word_1_219' title='bbox 748 1994 827 2024; x_wconf 88' lang='lat' dir='ltr'>erat</span> <span class='ocrx_word' id='word_1_220' title='bbox 843 1984 1058 2035; x_wconf 82' lang='lat' dir='ltr'>peditatus,</span> <span class='ocrx_word' id='word_1_221' title='bbox 1078 1985 1118 2022; x_wconf 90' lang='lat' dir='ltr'>in</span> <span class='ocrx_word' id='word_1_222' title='bbox 1137 1983 1308 2022; x_wconf 81' lang='lat' dir='ltr'>subfidiis</span> <span class='ocrx_word' id='word_1_223' title='bbox 1329 1982 1592 2022; x_wconf 84' lang='lat' dir='ltr'>constituitur:</span> 
     </span>
     <span class='ocr_line' id='line_1_30' title="bbox 306 2045 1591 2098; baseline -0.001 -13"><span class='ocrx_word' id='word_1_224' title='bbox 306 2045 421 2089; x_wconf 73' lang='lat' dir='ltr'>huie,</span> <span class='ocrx_word' id='word_1_225' title='bbox 456 2045 573 2093; x_wconf 76' lang='lat' dir='ltr'>spatio</span> <span class='ocrx_word' id='word_1_226' title='bbox 613 2047 744 2087; x_wconf 77' lang='lat' dir='ltr'>relic‘to</span> <span class='ocrx_word' id='word_1_227' title='bbox 773 2048 1050 2092; x_wconf 83' lang='lat' dir='ltr'>conveniente,</span> <span class='ocrx_word' id='word_1_228' title='bbox 1086 2054 1346 2098; x_wconf 84' lang='lat' dir='ltr'>praetexuntur</span> <span class='ocrx_word' id='word_1_229' title='bbox 1368 2045 1591 2097; x_wconf 85' lang='lat' dir='ltr'>elephanti,</span> 
     </span>
     <span class='ocr_line' id='line_1_31' title="bbox 306 2105 1595 2160; baseline -0.002 -14"><span class='ocrx_word' id='word_1_230' title='bbox 306 2105 466 2155; x_wconf 83' lang='lat' dir='ltr'>simplici</span> <span class='ocrx_word' id='word_1_231' title='bbox 494 2106 585 2144; x_wconf 85' lang='lat' dir='ltr'>serie</span> <span class='ocrx_word' id='word_1_232' title='bbox 606 2107 847 2147; x_wconf 73' lang='lat' dir='ltr'>latitudinem</span> <span class='ocrx_word' id='word_1_233' title='bbox 869 2108 1069 2160; x_wconf 79' lang='lat' dir='ltr'>phalangis</span> <span class='ocrx_word' id='word_1_234' title='bbox 1093 2117 1344 2158; x_wconf 58' lang='lat' dir='ltr'>exaequantes</span> <span class='ocrx_word' id='word_1_235' title='bbox 1370 2108 1409 2145; x_wconf 91' lang='lat' dir='ltr'>in</span> <span class='ocrx_word' id='word_1_236' title='bbox 1433 2115 1595 2155; x_wconf 81' lang='lat' dir='ltr'>utroque</span> 
     </span>
     <span class='ocr_line' id='line_1_32' title="bbox 307 2168 1596 2220; baseline 0.001 -16"><span class='ocrx_word' id='word_1_237' title='bbox 307 2178 427 2204; x_wconf 82' lang='lat' dir='ltr'>cornu</span> <span class='ocrx_word' id='word_1_238' title='bbox 454 2168 622 2216; x_wconf 61' lang='lat' dir='ltr'>expediti</span> <span class='ocrx_word' id='word_1_239' title='bbox 650 2181 738 2207; x_wconf 87' lang='lat' dir='ltr'>cum</span> <span class='ocrx_word' id='word_1_240' title='bbox 769 2171 984 2220; x_wconf 68' lang='lat' dir='ltr'>equitibuS,</span> <span class='ocrx_word' id='word_1_241' title='bbox 1010 2171 1092 2220; x_wconf 81' lang='lat' dir='ltr'>post</span> <span class='ocrx_word' id='word_1_242' title='bbox 1119 2170 1190 2208; x_wconf 88' lang='lat' dir='ltr'>hos</span> <span class='ocrx_word' id='word_1_243' title='bbox 1213 2171 1253 2208; x_wconf 90' lang='lat' dir='ltr'>in</span> <span class='ocrx_word' id='word_1_244' title='bbox 1273 2171 1430 2212; x_wconf 73' lang='lat' dir='ltr'>dextro,</span> <span class='ocrx_word' id='word_1_245' title='bbox 1453 2178 1596 2212; x_wconf 73' lang='lat' dir='ltr'>merce-</span> 
     </span>
     <span class='ocr_line' id='line_1_33' title="bbox 306 2226 1595 2275; baseline 0.004 -11"><span class='ocrx_word' id='word_1_246' title='bbox 306 2226 496 2264; x_wconf 79' lang='lat' dir='ltr'>nariorum</span> <span class='ocrx_word' id='word_1_247' title='bbox 533 2229 651 2275; x_wconf 76' lang='lat' dir='ltr'>gravis</span> <span class='ocrx_word' id='word_1_248' title='bbox 676 2238 867 2269; x_wconf 83' lang='lat' dir='ltr'>armatura</span> <span class='ocrx_word' id='word_1_249' title='bbox 895 2230 1120 2270; x_wconf 85' lang='lat' dir='ltr'>collocatur.</span> <span class='ocrx_word' id='word_1_250' title='bbox 1150 2230 1239 2269; x_wconf 81' lang='lat' dir='ltr'>Acie</span> <span class='ocrx_word' id='word_1_251' title='bbox 1266 2229 1313 2268; x_wconf 82' lang='lat' dir='ltr'>sic</span> <span class='ocrx_word' id='word_1_252' title='bbox 1340 2229 1513 2268; x_wconf 83' lang='lat' dir='ltr'>ordinata</span> <span class='ocrx_word' id='word_1_253' title='bbox 1532 2241 1595 2270; x_wconf 80' lang='lat' dir='ltr'>ve-</span> 
     </span>
     <span class='ocr_line' id='line_1_34' title="bbox 305 2284 1592 2340; baseline 0.003 -16"><span class='ocrx_word' id='word_1_254' title='bbox 305 2284 438 2324; x_wconf 80' lang='lat' dir='ltr'>litibus</span> <span class='ocrx_word' id='word_1_255' title='bbox 463 2286 621 2336; x_wconf 73' lang='lat' dir='ltr'>imperat</span> <span class='ocrx_word' id='word_1_256' title='bbox 638 2319 648 2335; x_wconf 81' lang='lat'>,</span> <span class='ocrx_word' id='word_1_257' title='bbox 672 2291 724 2328; x_wconf 89' lang='lat' dir='ltr'>uti</span> <span class='ocrx_word' id='word_1_258' title='bbox 750 2291 832 2330; x_wconf 86' lang='lat' dir='ltr'>telis</span> <span class='ocrx_word' id='word_1_259' title='bbox 866 2292 1002 2332; x_wconf 84' lang='lat' dir='ltr'>ernissis</span> <span class='ocrx_word' id='word_1_260' title='bbox 1030 2292 1066 2330; x_wconf 89' lang='lat' dir='ltr'>se</span> <span class='ocrx_word' id='word_1_261' title='bbox 1092 2292 1276 2340; x_wconf 86' lang='lat' dir='ltr'>recipiant</span> <span class='ocrx_word' id='word_1_262' title='bbox 1302 2292 1342 2329; x_wconf 90' lang='lat' dir='ltr'>in</span> <span class='ocrx_word' id='word_1_263' title='bbox 1367 2298 1515 2340; x_wconf 79' lang='lat' dir='ltr'>apertos</span> <span class='ocrx_word' id='word_1_264' title='bbox 1543 2290 1592 2329; x_wconf 87' lang='lat' dir='ltr'>ad</span> 
     </span>
     <span class='ocr_line' id='line_1_35' title="bbox 305 2345 1592 2406; baseline 0.003 -19"><span class='ocrx_word' id='word_1_265' title='bbox 305 2345 412 2389; x_wconf 83' lang='lat' dir='ltr'>hunc</span> <span class='ocrx_word' id='word_1_266' title='bbox 452 2346 559 2406; x_wconf 87' lang='lat' dir='ltr'>usum</span> <span class='ocrx_word' id='word_1_267' title='bbox 593 2349 745 2390; x_wconf 84' lang='lat' dir='ltr'>suorum</span> <span class='ocrx_word' id='word_1_268' title='bbox 774 2354 926 2392; x_wconf 84' lang='lat' dir='ltr'>ordines</span> <span class='ocrx_word' id='word_1_269' title='bbox 942 2347 955 2394; x_wconf 70' lang='grc' dir='ltr'>ἰ</span> <span class='ocrx_word' id='word_1_270' title='bbox 988 2355 1022 2393; x_wconf 71' lang='grc' dir='ltr'>ἅ</span> <span class='ocrx_word' id='word_1_271' title='bbox 1057 2353 1163 2392; x_wconf 88' lang='lat' dir='ltr'>hoste</span> <span class='ocrx_word' id='word_1_272' title='bbox 1193 2354 1271 2401; x_wconf 79' lang='lat' dir='ltr'>J&#39;am</span> <span class='ocrx_word' id='word_1_273' title='bbox 1297 2366 1318 2393; x_wconf 91' lang='lat' dir='ltr'>a</span> <span class='ocrx_word' id='word_1_274' title='bbox 1344 2350 1592 2391; x_wconf 82' lang='lat' dir='ltr'>validioribus</span> 
     </span>
    </p>
   </div>
   <div class='ocr_carea' id='block_1_7' title="bbox 310 2474 1585 2565">
    <p class='ocr_par' dir='ltr' id='par_1_11' title="bbox 310 2474 1585 2565">
     <span class='ocr_line' id='line_1_36' title="bbox 353 2474 1585 2526; baseline 0.008 -22"><span class='ocrx_word' id='word_1_275' title='bbox 353 2474 375 2516; x_wconf 67' lang='grc' dir='ltr'><strong>ς</strong></span> <span class='ocrx_word' id='word_1_276' title='bbox 401 2474 521 2506; x_wconf 78' lang='lat' dir='ltr'>xxm.</span> <span class='ocrx_word' id='word_1_277' title='bbox 548 2475 669 2512; x_wconf 84' lang='lat' dir='ltr'>Zonar.</span> <span class='ocrx_word' id='word_1_278' title='bbox 690 2478 786 2512; x_wconf 69' lang='lat' dir='ltr'>Aust.</span> <span class='ocrx_word' id='word_1_279' title='bbox 806 2480 845 2513; x_wconf 86' lang='lat' dir='ltr'>de</span> <span class='ocrx_word' id='word_1_280' title='bbox 861 2479 936 2513; x_wconf 81' lang='lat' dir='ltr'>Vir.</span> <span class='ocrx_word' id='word_1_281' title='bbox 956 2479 1004 2513; x_wconf 79' lang='lat' dir='ltr'>ill.</span> <span class='ocrx_word' id='word_1_282' title='bbox 1029 2489 1057 2512; x_wconf 92' lang='lat' dir='ltr'>c</span> <span class='ocrx_word' id='word_1_283' title='bbox 1078 2489 1133 2519; x_wconf 86' lang='lat'>40.</span> <span class='ocrx_word' id='word_1_284' title='bbox 1170 2480 1192 2524; x_wconf 85' lang='grc'>5</span> <span class='ocrx_word' id='word_1_285' title='bbox 1215 2480 1340 2516; x_wconf 89' lang='lat' dir='ltr'>XXIV.</span> <span class='ocrx_word' id='word_1_286' title='bbox 1368 2480 1490 2515; x_wconf 81' lang='lat' dir='ltr'>Zonar</span> <span class='ocrx_word' id='word_1_287' title='bbox 1513 2479 1585 2526; x_wconf 75' lang='lat' dir='ltr'>Ap-</span> 
     </span>
     <span class='ocr_line' id='line_1_37' title="bbox 310 2518 1464 2565; baseline 0.008 -13"><span class='ocrx_word' id='word_1_288' title='bbox 310 2518 445 2561; x_wconf 83' lang='lat' dir='ltr'>pianus</span> <span class='ocrx_word' id='word_1_289' title='bbox 473 2519 594 2565; x_wconf 54' lang='lat' dir='ltr'>Polyb</span> <span class='ocrx_word' id='word_1_290' title='bbox 1459 2557 1464 2561; x_wconf 89' lang='lat'><em>.</em></span> 
     </span>
    </p>
   </div>
  </div>
 </body>
</html>
