1701 3008
252 219 331 268 IN
376 214 876 266 LOC.L1B.XX
926 214 1072 262 LIV.
1251 227 1344 276 3¹9

56 322 218 369 lustrum
251 329 421 379 primum
448 328 483 365 ἃ
514 323 843 376 quadragesimum
869 322 1092 362 condidere.
1127 319 1231 360 Dum
1262 318 1346 358 haec

58 393 101 430 in
124 390 234 432 Italia
255 394 290 431 &
313 390 415 431 Urbe
438 396 642 440 geruntur,
666 387 757 426 novi
779 398 870 425 cum
892 384 1028 436 Illyriis
1045 382 1135 422 belli
1157 380 1274 422 causae
1292 390 1349 420 ta-

59 454 163 495 libus
182 455 300 494 initiis
317 454 554 494 exstiterunt.
586 450 704 503 Illyrii
720 450 858 499 ,ferox
883 451 918 489 ἃ
944 448 1100 488 avidum
1126 446 1262 498 praedae
1283 457 1350 495 ge·

60 530 155 565 nus,
180 516 376 567 piraticam
399 513 580 554 faciendo
597 543 609 561 ,
633 511 775 551 multos
790 509 1014 551 Italicorum
1040 508 1347 559 negotiatorum,

62 577 302 616 Brundulino
321 583 434 627 portu
458 574 619 626 egress'os
634 605 646 623 ,
662 582 843 625 ceperant
856 602 867 620 ,
883 570 1091 610 nonnullos
1108 583 1260 620 quoque
1278 580 1353 608 tru-

62 638 304 678 cidaverant:
332 640 368 678 &
388 639 514 688 primo
539 636 696 687 quidem
716 635 858 674 delatas
875 634 925 673 ob
951 646 992 672 ea
1011 631 1268 683 querimonias
1290 632 1353 670 Se-

61 711 176 740 natus
204 702 303 740 inter
327 700 420 740 alias
440 712 548 739 curas
563 697 817 749 negligentius
835 696 1133 736 auscultaverat:
1158 694 1350 745 postremo

63 771 196 802 tamen
220 776 310 802 cum
334 763 563 813 praedonum
594 760 756 800 audacia
782 759 1016 810 impunitate
1045 757 1250 806 cresceret,
1267 768 1353 795 cre-

64 824 284 875 brioresque
304 824 384 873 jam
411 823 573 873 querelae
597 822 859 873 pervenirent,
875 821 997 862 visum
1018 821 1069 859 est
1086 820 1232 870 legatos
1252 819 1356 858 mitti

66 888 118 926 ad
140 898 199 925 res
222 885 450 937 repetendas
468 898 477 924 :
509 883 618 923 simul
643 893 686 923 ut
703 883 920 932 Iffaeorum,
943 882 1007 933 qui
1029 893 1153 932 nuper
1175 882 1216 919 in
1236 879 1354 918 fidem

66 949 333 990 Romanorum
361 946 648 995 concesserant,
675 946 829 986 causam
862 954 1071 985 tuerentur.

120 1013 252 1053 XXV.
285 1011 367 1052 Hos
394 1010 497 1050 enim
519 1009 624 1058 Jonii
648 1010 764 1049 maris
793 1007 958 1047 insulam
985 1006 1224 1054 habitantes,
1250 1005 1357 1056 quod

67 1085 91 1111 a
119 1071 157 1111 se
178 1073 420 1118 defecerant,
440 1068 621 1120 gravibus
642 1069 740 1106 odiis
767 1064 988 1115 damnisque
1014 1064 1133 1116 Illyrii
1154 1064 1358 1114 proseque-

66 1135 220 1176 bantur.
253 1132 360 1174 Miffi
383 1132 470 1172 sunt
496 1131 538 1171 C.
559 1133 594 1170 δε
616 1129 656 1171 L.
682 1128 924 1170 Coruncanii.
961 1127 1013 1168 Hi
1037 1128 1131 1166 dum
1155 1127 1195 1166 in
1221 1128 1358 1166 itinere

68 1197 179 1242 sunt,
199 1194 417 1246 lllyriorum
430 1225 444 1241 ‚
461 1195 526 1245 qui
543 1192 696 1244 Ardyaei
713 1200 898 1231 vocantur
912 1221 922 1239 ,
948 1203 1016 1229 rex
1038 1192 1166 1239 Agron
1193 1188 1357 1228 Pleurati

69 1257 111 1298 F.
139 1257 189 1296 ad
218 1269 333 1307 quem
354 1256 489 1305 ibant,
519 1253 657 1293 morbo
681 1251 860 1293 deeeffit:
895 1250 974 1290 filio
1002 1249 1131 1290 adhuc
1156 1249 1359 1300 impubere

71 1320 171 1374 (cui
200 1331 345 1358 nomen
377 1318 453 1358 fuit
481 1315 678 1370 Pinneus)
718 1315 851 1354 relicto
883 1327 891 1353 :
928 1325 1165 1365 regnumque
1194 1325 1360 1352 noverca

73 1381 185 1433 pueri
214 1381 365 1429 Teuta,
392 1378 557 1419 confiliis
586 1378 801 1417 amicorum
832 1375 1130 1415 administrabat.
1166 1375 1261 1414 Haec
1286 1375 1362 1413 irn-

71 1451 210 1494 potens
232 1441 375 1492 animi‚
394 1443 429 1481 ἅ
452 1440 564 1480 rebus
585 1438 779 1491 prosperiS
796 1437 918 1486 elata,
936 1437 1069 1488 legatis
1094 1437 1360 1477 Romanorum

75 1506 304 1546 contemtim
323 1505 466 1544 auditis
481 1535 494 1550 ,
510 1502 709 1554 respondit
725 1531 736 1550 ,
757 1515 844 1540 ειη-ατ
857 1502 926 1553 fibi
946 1500 1108 1553 fusurum
1121 1531 1133 1550 ,
1152 1515 1194 1538 ne
1209 1501 1360 1539 Romani

73 1569 120 1607 ab
139 1567 279 1619 Illyriis
298 1566 437 1620 publice
464 1565 687 1604 laederentur:
708 1575 824 1602 vetare
850 1577 952 1612 vero,
976 1577 1018 1601 ne
1035 1563 1114 1615 quis
1129 1563 1272 1616 sitorum
1289 1563 1363 1615 pri-

75 1630 187 1667 vatim
203 1628 333 1667 lucrum
345 1658 357 1675 .,
373 1628 468 1680 quod
485 1625 593 1680 pfft
604 1657 614 1675 ,
631 1641 675 1665 ex
693 1625 780 1664 mari
802 1636 974 1678 captaret,
995 1624 1034 1662 id
1047 1625 1203 1678 Regibus
1219 1624 1365 1676 Illyrio-

74 1708 150 1732 rum
171 1707 387 1746 nequaquam
413 1692 451 1729 ιή
466 1705 554 1729 more
564 1692 710 1750 posi-tum
726 1689 798 1742 ff.
828 1690 920 1730 Non
943 1690 1066 1728 tenuit
1093 1689 1142 1728 ad
1166 1689 1248 1728 haec
1269 1689 1365 1727 iram

76 1758 206 1797 minor
223 1754 510 1800 Coruncanius,
528 1754 563 1792 ἃ
589 1751 852 1802 intempestiva
881 1751 1007 1802 potius
1023 1782 1035 1801 ,
1064 1764 1179 1801 quam
1203 1751 1339 1801 injusta
1353 1781 1364 1800 ,

78 1819 256 1859 libertate
268 1816 354 1856 usus
369 1847 380 1865 ,
396 1819 451 1856 At
465 1817 656 1863 Romanis,
678 1815 801 1865 inquit
815 1845 826 1863 ,
849 1815 886 1852 in
909 1828 998 1852 more
1016 1816 1166 1867 pofitum
1186 1814 1251 1867 est,
1275 1815 1366 1852 Teu-

81 1893 120 1918 ta
135 1910 149 1926 ‚
172 1879 340 1931 privatim
354 1878 476 1929 fablas
501 1876 652 1930 injurias
675 1877 814 1929 publice
835 1875 999 1929 exfiqui,
1014 1874 1163 1928 laefisque
1180 1874 1365 1929 consulere.

80 1941 291 1981 conabimur
313 1951 452 1986 autem,
475 1940 547 1977 diis
577 1940 658 1977 bene
686 1937 917 1992 juvantibus,
953 1949 984 1974 te
1013 1938 1061 1974 ad
1090 1937 1248 1989 instituta
1274 1937 1369 1989 regia

81 2004 203 2056 cupide
218 2002 253 2040 ὅ·
273 1997 421 2041 &cleriter
437 2003 651 2040 emendanda
671 2016 802 2055 cogere.
833 1999 985 2051 Quibus
1005 1998 1130 2038 verbis
1154 1998 1266 2050 supra
1289 2012 1368 2038 mo-

85 2068 179 2107 duni
201 2065 343 2106 offensa
372 2065 527 2113 mulier,
552 2065 617 2104 sed
649 2066 778 2104 animo
803 2064 957 2103 interim
982 2073 1175 2114 utcunque
1201 2062 1371 2102 diffiniu-

84 2128 187 2178 lato,
213 2128 346 2178 legatis
375 2129 454 2177 jam
484 2127 664 2178 profeffls
696 2127 861 2166 latrones
889 2126 1066 2175 immisit,
1093 2139 1114 2165 a
1139 2125 1275 2176 quibus
1302 2125 1369 2165 mi-

84 2206 158 2232 nor
186 2191 450 2232 Coruncanius
471 2202 558 2229 cum
582 2198 688 2240 parte
709 2191 896 2228 comitum
921 2188 1142 2227 interfectus
1167 2187 1245 2236 est3
1271 2196 1374 2227 cete.

87 2254 138 2292 ris
167 2254 205 2292 in
230 2252 384 2292 vincula
405 2253 592 2301 conjestis
607 2283 620 2298 ‚
641 2250 900 2302 praefectisque
927 2250 1080 2289 navium
1103 2249 1191 2300 igne
1211 2249 1370 2289 combu-

85 2314 162 2354 stis.
193 2313 355 2366 Legatus
375 2315 491 2354 ctiam
508 2313 699 2354 Issaeorum
711 2344 724 2363 ,
737 2313 956 2367 Calemporus
975 2310 1154 2361 nomine,
1172 2309 1220 2350 ab
1235 2309 1369 2350 iisdem

79 2378 331 2429 *praedonibus
357 2377 511 2418 occisus·
531 2378 594 2417 est.
608 2392 665 2443 )<

116 2502 157 2552 ’,ς
173 2502 298 2535 XXIV.
314 2503 432 2536 Marm.
452 2503 600 2547 Capitol.
614 2504 683 2537 Dio
704 2517 757 2548 ap.
774 2503 849 2537 Urs.
866 2502 986 2547 Poiyb.
999 2513 1017 2536 2
1032 2530 1039 2542 ,
1057 2513 1108 2545 13.
1129 2503 1150 2534 8
1168 2502 1276 2533 XXV.
1297 2498 1364 2541 Ap-

84 2558 182 2596 aepian.
198 2549 290 2594 lllyr.
305 2547 422 2595 Polyb.
437 2559 468 2591 2,
484 2549 516 2583 8.
531 2548 655 2585 Zonat.
676 2549 766 2585 flor.
782 2561 815 2592 2,
833 2560 863 2593 5.
882 2548 967 2584 pun.
985 2559 1026 2595 34
1039 2575 1048 2593 ,
1061 2549 1093 2583 6.
1117 2548 1192 2582 Liv.
1212 2547 1292 2592 Epir.
1310 2552 1367 2578 29-
