1701 3008
277 188 340 240 26
634 185 1205 236 T1T1L1v11

277 297 443 352 auxilia
459 296 665 346 mercede
685 294 1056 343 sollicitabantur.
1086 297 1234 346 omnis
1256 314 1307 346 ea
1322 296 1573 348 multitudo

278 375 336 422 ad
374 372 512 421 castra
549 371 816 419 Samnitium
851 373 1174 420 conveniebat.
1219 373 1315 434 Qui
1351 375 1572 422 tumultus

277 463 439 510 repens
462 445 698 509 postquam
718 446 914 493 Romam
943 447 1138 510 perlatus
1166 446 1227 493 est
1242 484 1255 505 ,
1284 464 1388 495 cum
1412 446 1499 509 jam
1520 449 1573 496 L.

276 517 551 565 Volumnius
580 517 739 565 consul
766 536 868 566 cum
901 519 1155 583 legionibus
1188 520 1381 567 secunda
1409 539 1460 568 ac
1477 534 1574 569 ter-

275 589 368 648 tia,
395 590 716 656 sociorumque
746 594 947 641 millibus
979 593 1238 658 quindecim
1267 594 1495 658 profeClus
1521 596 1571 642 in

275 665 507 714 Samnium
533 666 638 713 effet
656 702 668 722 ,
688 668 775 729 Ap.
795 666 1039 714 Claudium
1067 668 1217 731 primo
1248 684 1436 731 quoque
1455 681 1573 716 tem-

274 756 389 803 pore
411 740 458 788 in
471 741 696 789 Etruriam
717 743 782 789 ire
806 742 988 805 placuit.
1007 743 1108 796 duae
1129 742 1350 789 Romanae
1369 741 1573 805 legiones

276 812 469 874 secutae,
503 815 649 878 prima
677 817 729 863 &
758 829 916 881 quarta
935 852 949 875 ,
983 819 1031 864 &
1056 816 1287 864 sociorum
1320 815 1571 862 duodecim

274 885 429 933 millia.
477 887 617 934 castra
644 888 763 935 haud
794 888 958 951 procul
992 890 1046 937 ab
1078 889 1202 937 hoste
1233 888 1392 952 posita.
1430 889 1572 936 Cete-

276 975 377 1006 rum
401 960 540 1024 magis
567 978 624 1008 eo
645 961 900 1024 profectum
928 964 990 1011 est
1005 1000 1019 1022 ‚
1040 964 1164 1028 quod
1182 979 1359 1011 mature
1379 974 1571 1012 ventum

277 1050 373 1084 erat
390 1075 405 1097 ‚
431 1051 481 1087 ut
507 1040 727 1104 quosdam
748 1040 990 1105 spectantes
1012 1040 1100 1103 jam
1124 1057 1244 1087 arma
1270 1038 1461 1085 Etruriae
1479 1055 1572 1101 po-

276 1111 411 1173 pulos
441 1126 588 1161 metus
608 1115 803 1161 Romani
835 1114 1035 1164 nominis
1063 1114 1415 1177 comprimeret,
1434 1129 1574 1176 quam

278 1188 405 1249 quod
424 1188 558 1236 ductu
575 1189 774 1237 consulis
793 1191 1036 1254 quidquam
1056 1189 1118 1237 ibi
1137 1188 1241 1236 satis
1256 1187 1363 1235 scite
1382 1201 1458 1234 aut
1477 1186 1574 1233 for·

276 1269 432 1307 tunate
457 1261 627 1326 gestum
659 1261 724 1311 fit.
763 1263 910 1311 Multa
936 1263 1097 1327 proelia
1126 1262 1241 1309 locis
1272 1263 1323 1309 &
1348 1259 1574 1323 tempori-

275 1333 360 1380 bus
389 1334 555 1398 iniquis
589 1328 850 1382 commissa:
887 1335 1070 1400 spesque
1105 1335 1153 1383 'm
1175 1334 1283 1382 'dies
1310 1332 1573 1398 graviorem

276 1406 454 1454 hostem
482 1407 686 1455 faciebat.
738 1411 787 1457 &
812 1408 901 1470 jam
939 1426 1085 1472 prope
1115 1421 1209 1455 erat
1227 1443 1241 1466 ,
1276 1418 1326 1453 ut
1355 1421 1442 1453 nec
1464 1403 1573 1452 duci

277 1480 441 1528 milites
460 1518 474 1538 ,
512 1498 596 1528 nec
624 1481 841 1530 militibus
873 1484 966 1530 dux
995 1481 1096 1529 satis
1123 1480 1294 1529 fideret.
1326 1479 1495 1526 Literas
1517 1476 1575 1524 ad

279 1552 502 1615 collegam
531 1553 834 1601 arcessendum
865 1571 921 1601 ex
948 1554 1133 1601 Samnio
1160 1553 1306 1600 missas
1324 1589 1338 1611 ‚
1364 1552 1412 1598 in
1439 1550 1573 1598 trinis

277 1625 511 1673 annalibus
541 1626 749 1674 invenio.
785 1628 908 1691 piget
941 1638 1090 1674 tamen
1119 1627 1342 1673 incertum
1369 1640 1572 1687 ponere,

280 1718 383 1747 cum
418 1718 470 1748 ea
501 1699 593 1764 ipsa
625 1701 742 1748 inter
779 1701 987 1749 consules
1025 1700 1186 1765 populi
1214 1699 1448 1757 Romani,
1482 1697 1573 1759 jam

279 1771 444 1820 iterum
477 1773 638 1820 eodem
663 1774 844 1822 honore
879 1775 1117 1839 fungentes
1136 1810 1149 1831 ‚
1181 1772 1451 1836 discrepatio
1472 1772 1574 1820 fue-

279 1849 362 1899 rit:
388 1848 541 1912 Appio
567 1849 793 1897 abnuente
822 1849 988 1897 missas:
1007 1847 1268 1896 Volumnio
1294 1849 1576 1906 affirmante,

279 1921 417 1985 Appii
443 1921 484 1969 se
505 1921 645 1969 literis
667 1920 877 1969 accitum.
908 1921 1001 1969 Jam
1022 1919 1299 1969 Volumnius
1321 1919 1366 1967 in
1385 1918 1574 1968 Samnio

281 1997 366 2044 tria
386 1996 560 2044 castella
583 2009 761 2059 ceperat
775 2033 788 2054 ,
802 1996 847 2041 in
866 1995 1028 2059 quibus
1045 1995 1099 2043 ad
1116 1994 1201 2042 tria
1220 1995 1358 2042 millia
1377 1993 1573 2040 hostium

280 2069 391 2117 caesa
408 2082 557 2128 erant,
581 2070 815 2118 dimidium
835 2070 926 2116 fere
952 2069 1046 2128 ejus
1063 2081 1268 2132 captum:
1298 2071 1347 2116 &
1364 2070 1572 2115 Lucano-

283 2160 381 2190 rum
402 2143 670 2200 seditiones,
702 2161 726 2189 a
751 2141 936 2206 plebejis
960 2144 1008 2190 &
1028 2142 1260 2206 egentibus
1280 2140 1468 2188 ducibus
1493 2157 1574 2188 or-

283 2229 378 2275 tas,
402 2218 572 2265 summa
601 2217 888 2280 optimatium
919 2216 1158 2266 voluntate
1189 2230 1267 2277 per
1297 2215 1358 2273 Q.
1385 2212 1572 2260 Fabium

283 2291 604 2355 proconsulem
618 2328 631 2350 ‚
648 2290 820 2338 miffum
840 2308 897 2337 eo
916 2307 1019 2337 cum
1036 2286 1181 2334 veteri
1200 2287 1425 2342 exercitu,
1442 2301 1574 2332 com-

284 2364 509 2428 presserat.
548 2365 700 2411 Decio
735 2363 1079 2427 depopulandos
1114 2360 1310 2406 hostium
1345 2375 1474 2423 agros
1502 2374 1571 2405 ree·

286 2435 469 2501 lin-quit.
500 2435 590 2499 ipse
617 2453 720 2483 cum
754 2435 838 2482 suis
870 2434 1015 2496 copiis
1049 2433 1098 2479 in
1130 2432 1352 2479 Etruriam
1383 2432 1438 2478 ad
1475 2430 1572 2478 col-

288 2508 432 2576 legam
458 2509 634 2575 pergit:
667 2524 801 2574 quem
827 2505 1144 2557 advenientem
1172 2504 1264 2553 laeti
1297 2518 1459 2553 omnes
1493 2517 1571 2549 ac·-
