1701 3008
335 156 929 212 HtsToRtARU'M
975 167 1105 216 LIB.
1158 168 1221 217 X.
1382 181 1449 236 49·

136 269 203 318 lio
231 270 490 319 consulibus
511 308 524 330 ,
553 272 631 337 qui
652 273 786 336 primi
803 275 991 322 Samnio
1018 293 1138 323 arma
1162 277 1413 327 intulerunt
1426 294 1448 341 ‚·

138 344 330 407 agimus:
357 347 407 393 &
430 362 486 391 ne
516 356 588 392 tot
619 363 847 393 annorum
874 348 1022 396 clades
1039 349 1269 415 utriusque
1302 354 1449 416 gentis

138 419 406 483 laboresque
434 422 555 468 actos
577 438 699 468 nunc
716 420 909 469 referam
928 460 941 481 ‚
966 424 1130 488 quibus
1148 427 1449 490 nequiverint

138 508 290 543 tamen
312 496 420 543 dura
447 496 522 543 illa
547 497 729 558 pectora
750 497 878 544 vinci
899 515 911 553 3
936 500 1151 561 proximo
1177 518 1300 547 anno
1319 506 1446 549 Sam-

139 569 255 616 nites
272 569 318 615 in
337 569 557 617 Sentinati
575 586 687 634 agro
702 606 715 627 ,
735 571 956 634 Pelignis‚
978 573 1033 619 ad
1045 573 1284 621 Tifernum
1301 611 1313 633 ‚
1331 575 1450 622 Stel-

139 642 303 691 latibus
324 644 494 706 campis
513 680 527 703 ‚
555 644 646 691 suis
669 644 748 708 ipfi
774 645 1034 710 legionibus
1053 682 1067 702 ‚
1102 648 1236 708 mixti
1264 650 1450 710 alienis,

139 717 195 763 ab
222 728 424 780 quatuor
461 716 736 764 exercitibus
768 730 969 782 quatuor
997 720 1186 768 ducibus
1225 722 1450 769 Romanis

142 785 241 831 caefi
271 787 479 845 fuerant,
510 788 834 852 imperatorem
865 790 1153 838 clariffimum
1188 792 1330 855 gentis
1359 793 1450 839 suae

141 854 412 908 amiserantl,
446 861 598 901 sOCiOS
631 862 765 913 belli,
799 864 1041 923 Etruscos,
1074 866 1305 924 Umbros,
1335 866 1452 913 Gal..

142 928 244 984 los,
278 928 326 974 in
355 926 511 974 eadem
549 925 736 975 fortuna
769 929 1023 996 videbant,
1059 956 1148 1001 qua
1177 939 1255 995 ἱρῇ
1290 953 1451 986 orant:

143 1014 228 1045 nec
252 997 340 1044 suis
357 1033 370 1055 ‚
396 1015 480 1045 nec
502 1003 701 1049 externis
731 1004 907 1050 viribus
939 1006 1027 1061 jam
1063 1008 1174 1054 stare
1205 1016 1452 1066 poterant3

134 1083 295 1118 <tamen
331 1070 455 1118 bello
492 1089 589 1120 non
626 1074 921 1120 abstinebant.
965 1074 1080 1120 adeo
1116 1091 1173 1120 ne
1208 1075 1452 1125 infeliciter

143 1143 327 1208 quidem
354 1143 545 1192 defensae
571 1145 787 1193 libertatis
805 1147 1024 1194 taedebat:
1054 1149 1105 1195 &
1125 1147 1253 1196 vinci
1272 1185 1285 1206 ‚
1314 1168 1452 1214 quam

145 1235 244 1264 non
276 1230 447 1266 tentare
465 1219 705 1268 victoriam
721 1257 734 1279 ,
770 1221 1012 1269 malebant.
1051 1223 1253 1282 Quinam
1275 1224 1326 1270 fit
1347 1225 1451 1283 ille,

145 1310 281 1357 quem
315 1310 411 1340 non
438 1293 587 1358 pigeat
618 1294 968 1359 longinquitatis
993 1296 1218 1343 bellorum
1245 1297 1450 1345 scriben-

147 1366 210 1413 do
241 1366 524 1431 legendoque
541 1405 554 1425 ‚
586 1386 687 1432 quae
708 1383 912 1432 gerentes
937 1387 1036 1416 non
1065 1369 1409 1434 fatigaverunt?

149 1456 174 1499 sp
213 1442 413 1489 XXXII.
446 1443 508 1503 Q.
539 1443 751 1501 Fabium,
785 1445 830 1491 P.
852 1444 1053 1492 Decium
1072 1480 1086 1500 ‚
1122 1447 1171 1492 L.
1193 1445 1453 1494 Postumius

148 1516 370 1579 Megellus
390 1517 439 1563 &
461 1517 524 1563 M.
546 1516 710 1563 Atilius
732 1517 929 1581 Regulus
949 1517 1157 1565 consules
1176 1518 1312 1566 secuti
1335 1518 1452 1575 sunt,

148 1589 378 1636 Samnium
399 1590 622 1638 ambobus
644 1589 824 1639 decreta
846 1591 1094 1654 provincia
1115 1591 1206 1647 est3
1235 1592 1340 1655 quia
1360 1608 1453 1640 tres

146 1662 340 1726 scriptos
369 1664 566 1711 hostium
599 1665 855 1723 exercitus,
887 1682 983 1713 uno
1013 1665 1269 1725 Etruriam,
1304 1666 1452 1714 altero

146 1737 472 1800 populationes
484 1738 753 1801 Campaniae
769 1739 939 1802 repeti,
964 1741 1147 1785 tertium
1167 1738 1345 1785 tuendis
1368 1756 1453 1802 pa·-

145 1810 234 1857 rari
268 1809 462 1869 finibus,
498 1811 615 1859 fama
649 1826 754 1859 erat.
796 1812 1076 1859 Postumium
1115 1812 1334 1859 valetudo
1368 1813 1452 1858 ad-

149 1881 278 1929 versa
299 1883 461 1931 Romae
485 1885 655 1931 tenuit:
685 1885 847 1932 Atilius
873 1884 1103 1947 extemplo
1123 1883 1351 1946 profectus
1367 1920 1380 1942 ,
1402 1895 1454 1931 ut

149 1953 197 2000 in
213 1955 396 2002 Samnio
415 1957 562 2004 hostes
581 1958 672 2023 (ita
691 1959 810 2005 enim
830 1959 1056 2021 placuerat
1073 1955 1308 2020 Patribus)
1332 1971 1457 2003 non-'

148 2028 259 2075 dum
289 2030 482 2093 egrefl'os
513 2032 808 2094 opprimeret.
841 2034 978 2081 Velut
1007 2049 1063 2079 ex
1090 2032 1351 2093 composito
1386 2031 1453 2078 ibi

151 2102 345 2148 obvium
378 2102 575 2150 habuere
609 2104 814 2161 hostem;
851 2106 928 2152 ubi
963 2107 1014 2152 &
1049 2104 1246 2161 intrare,
1280 2103 1453 2150 nedum

150 2175 353 2232 vastare,
383 2176 465 2240 ipsi
497 2178 766 2225 Samnitium
798 2197 956 2243 agrum
985 2178 1360 2241 prohiberentur:
1401 2178 1454 2224 &

149 2250 301 2311 egredi
337 2249 441 2297 inde
468 2250 514 2304 in
542 2264 698 2315 pacata
723 2252 1044 2316 sociorumque
1071 2251 1230 2315 populi
1251 2249 1453 2296 Romani

149 2319 262 2368 fines
282 2324 529 2371 Samnitem
552 2325 861 2388 prohiberent.
885 2329 1004 2373 Cum
1023 2325 1162 2372 castra
1183 2323 1332 2370 castris
1354 2322 1452 2369 col-

150 2396 240 2444 lata
260 2398 399 2445 effent
416 2436 431 2457 ,
458 2400 586 2463 quod
607 2400 689 2447 vix
711 2402 947 2448 Romanus
976 2401 1111 2447 toties
1138 2399 1288 2446 victor
1318 2396 1452 2443 aude-

150 2482 251 2525 ret,
279 2471 366 2516 ausi
384 2471 604 2519 Samnites
631 2472 731 2520 sunt
763 2473 973 2540 (tantum
1006 2472 1257 2537 desperatio
1292 2469 1451 2516 ultima

246 2544 296 2590 Τ.
324 2545 417 2592 Liv.
458 2548 554 2595 Veli
588 2548 682 2595 HI.
1205 2543 1254 2591 Ι)
