1701 3008
317 229 406 279 352
671 194 1234 257 T1T1.21v11

313 330 404 372 dem
424 322 557 379 Diis,
574 339 651 382 per
666 337 768 381 quos
779 321 917 380 priore
937 321 1041 364 bello
1064 335 1182 379 rupta
1194 317 1359 377 faea'era
1371 314 1480 378 fimt
1500 317 1596 367 ulti.

317 403 472 445 Utrum
493 395 637 459 hostem
656 428 670 450 ,
688 411 745 438 an
762 409 837 438 vos
851 427 865 449 9
892 409 949 437 an
957 392 1180 450 fortunam
1199 393 1405 452 utriusque
1418 395 1596 459 populi,

311 469 553 532 ignoratis?
581 469 755 527 Legatos
772 500 786 523 ,
820 468 873 510 ab
883 465 1018 526 sociis
1039 464 1082 512 δ’
1110 484 1190 526 pro
1199 466 1333 525 sociis
1362 469 1564 513 venientes
1583 499 1598 519 ,

309 545 444 588 bonus
463 543 684 599 imperator
701 538 820 602 vester
849 540 895 582 in
914 539 1042 604 castra
1061 556 1146 583 nan
1167 538 1338 601 admisit
1352 572 1365 594 ,
1390 538 1469 594 jus
1501 555 1599 599 gen·-

309 617 417 659 tium
438 613 624 678 sustulit.
658 611 704 655 hi
735 626 871 656 tamen
890 645 903 668 ‚
934 614 1043 656 unde
1067 629 1116 655 ne
1142 612 1316 675 hostium
1350 614 1512 672 quidem
1544 616 1601 655 le-³

308 689 401 748 gati
433 699 646 738 arcentur,
674 683 794 748 pulsi
806 686 866 728 ad
881 701 955 729 vos
976 686 1149 729 veniunt
1168 718 1183 739 ‚
1218 702 1278 729 res
1299 703 1351 728 ex
1366 683 1522 742 foedere
1541 703 1600 729 re·

300 773 465 820 petunt.
489 758 661 817 publica
669 756 798 815 fraus
816 758 946 822 alfit:
965 755 1164 802 auHorem
1187 760 1311 818 culpce
1331 755 1374 803 G*
1394 776 1502 803 reum
1522 758 1601 803 cri-

310 833 441 875 minis
460 829 695 889 deposcunt.
721 831 819 890 Quo
837 832 971 875 lenius
988 844 1119 891 agunt
1136 865 1149 884 ‚
1157 830 1333 890 segnius
1352 831 1563 890 incipiunt
1579 847 1600 884 ;

311 923 357 952 eo
378 939 392 960 ,
421 922 510 950 cum
531 904 754 964 coeperint,
783 922 919 949 vereor
933 939 948 959 ‚
979 922 1028 948 ne
1053 904 1379 963 perseverantius
1402 904 1602 964 saeviant.

312 982 490 1039 AEgates
509 977 670 1036 insulas
688 978 942 1037 Erycemque
960 992 1056 1021 ante
1075 981 1216 1022 oculos
1226 979 1450 1037 proponite
1464 994 1485 1031 ,⁴
1515 993 1602 1038 qaaz

314 1050 622 1109 terramarique
646 1065 722 1107 per
748 1063 925 1108 quatuor
945 1047 988 1095 δ’
1015 1051 1170 1110 viginti
1203 1066 1341 1093 annos
1360 1048 1468 1111 paffl
1485 1050 1604 1113 sitis.

315 1123 402 1165 Nec
414 1137 518 1179 puer
534 1121 601 1164 hic
620 1122 711 1164 dux
729 1135 816 1164 erat
830 1154 846 1175 ‚
867 1120 951 1179 sed
956 1134 1081 1178 pater
1098 1120 1182 1180 ipse
1202 1122 1429 1166 Hamilcar
1443 1156 1456 1177 ‚
1477 1124 1604 1166 Mars

314 1196 440 1247 alter,
470 1207 517 1236 ut
538 1191 603 1257 isti
627 1194 787 1235 volunt.
809 1190 893 1249 sed
921 1192 1102 1237 Tarento
1119 1228 1136 1248 ,
1165 1194 1215 1237 id
1235 1193 1312 1257 est,
1336 1196 1468 1238 Italia
1483 1228 1497 1250 ‚
1515 1211 1619 1239 non·

314 1264 631 1327 abstinueramus
661 1280 714 1306 ex
722 1261 877 1320 faea’ere
894 1279 910 1307 .·
932 1262 1046 1325 sicut
1063 1283 1174 1310 nunc
1192 1268 1384 1326 Sagunto
1411 1285 1499 1312 non
1530 1269 1605 1311 ab·

301 1336 521 1402 stinemus.
556 1339 600 1380 V
600 1336 754 1379 icerunt
772 1351 863 1396 ergo
881 1336 969 1379 Dii
989 1336 1247 1397 hominesque
1265 1356 1285 1392 ;
1308 1335 1372 1394 δ’,
1393 1340 1442 1383 id
1456 1340 1504 1383 de
1524 1355 1605 1400 quo

317 1410 446 1455 verbis
466 1407 776 1468 ambigebatur,
807 1423 895 1452 uter
903 1413 1089 1468 populus
1097 1409 1244 1467 foedus
1265 1409 1432 1473 rupzffit
1445 1446 1458 1467 ‚
1487 1429 1606 1456 even·

319 1499 385 1527 tus
413 1483 507 1526 belli
522 1515 535 1537 ‚
555 1484 666 1526 velut
685 1497 822 1540 aquus
833 1479 972 1536 judex
991 1516 1005 1539 ‚
1023 1484 1132 1527 unde
1140 1480 1219 1538 jus
1230 1482 1376 1546 stabat
1391 1516 1406 1536 ,
1423 1484 1458 1526 ei
1478 1482 1607 1526 vic-‘to-

319 1557 426 1599 riam
451 1555 576 1597 a'edit.
617 1554 863 1614 Carthagini
895 1571 1005 1598 nunc
1027 1555 1257 1599 Hannibal
1283 1556 1427 1598 vineas
1457 1553 1608 1612 turres-'-

317 1645 392 1687 que
412 1628 602 1670 admovet
616 1642 631 1670 :
661 1627 926 1686 Carthaginis
946 1629 1100 1672 moenia
1119 1628 1253 1687 quatit
1269 1628 1405 1671 ariete.
1437 1629 1607 1686 Sagun-

319 1701 353 1744 ti
381 1700 507 1743 mina
529 1695 704 1759 (falsus
724 1700 886 1743 utinam
917 1715 1031 1744 vates
1048 1698 1166 1764 sim!
1185 1696 1206 1760 )
1230 1699 1374 1763 nostris
1401 1700 1608 1757 capitibus

318 1773 504 1817 incident
521 1788 536 1815 .·
545 1771 858 1832 ficsceotumque
878 1790 968 1818 cum
985 1765 1237 1833 Saguntinis
1257 1773 1407 1817 bellum
1422 1807 1435 1829 ,
1454 1774 1610 1817 haben-

323 1846 423 1887 dum
450 1861 539 1888 cum
571 1845 781 1888 Romanis
811 1845 871 1910 est.
908 1846 1125 1890 Dedemus
1160 1862 1251 1906 ergo
1279 1846 1567 1891 Hannibalem
1585 1847 1612 1890 ἓ

324 1920 430 1962 dicet
449 1920 618 1978 aliquis.
654 1920 752 1963 Scio
773 1952 786 1974 ‚
814 1936 946 1964 meam
967 1923 1090 1965 levem
1112 1917 1181 1983 effe
1201 1921 1246 1964 in
1264 1938 1309 1964 eo
1329 1920 1610 1965 auctoritatem

316 2008 485 2052 propter
517 2009 717 2053 paternas
748 1995 1011 2040 inimicitias.
1049 1998 1136 2040 Sea'
1171 1991 1214 2039 ὃ*
1249 1996 1535 2040 Hamilcarem.
1566 2013 1611 2040 eo

321 2062 460 2126 periffe
491 2068 651 2111 latatus
661 2066 757 2126 sum
775 2100 788 2121 ‚
824 2068 938 2126 quod
951 2065 1023 2129 ,si
1037 2069 1106 2111 ille
1131 2068 1309 2122 viveret,
1342 2069 1491 2112 bellum
1515 2066 1611 2122 jam

326 2156 415 2182 cum
436 2139 646 2184 Romanis
665 2141 899 2184 haberemus
912 2157 932 2193 ,⁶
959 2136 1002 2185 G*
1022 2141 1137 2185 hunc
1146 2138 1340 2196 juvenem
1361 2172 1374 2194 ‚
1407 2157 1610 2200 tanquam

317 2211 482 2267 furiam
504 2212 720 2273 facemque
739 2214 866 2270 hujus
897 2213 1022 2269 belli,
1060 2215 1132 2258 odi
1162 2231 1210 2258 ac
1229 2213 1400 2274 detestor.
1435 2214 1523 2257 Nec
1544 2214 1613 2257 dc-

328 2286 506 2328 dena'um
515 2285 660 2344 solum
681 2287 729 2329 id
735 2287 953 2345 piaculum
974 2287 1083 2346 rupti
1086 2284 1260 2343 foederis
1273 2303 1291 2338 ;
1309 2285 1392 2344 fid
1401 2320 1413 2339 ‚
1429 2285 1480 2348 st
1493 2302 1612 2330 nemo

330 2357 523 2416 dqooscat
539 2391 553 2413 ,
590 2361 866 2404 devehendum
898 2361 944 2403 in
979 2361 1152 2403 ultimas
1185 2361 1314 2402 maris
1347 2374 1614 2417 terrarumque

332 2448 426 2476 oras
441 2467 452 2484 ‚
467 2433 815 2493 ablcgandumque
835 2451 878 2476 eo
892 2467 904 2488 ‚
921 2435 1029 2476 unde
1046 2450 1118 2476 nec
1136 2434 1195 2475 ad
1214 2449 1290 2476 nos
1308 2431 1616 2488 riomenfama-

330 2520 405 2563 que·
423 2503 509 2559 ejus
529 2506 735 2563 accedere,
766 2523 886 2565 neque
898 2505 1128 2566 sollicitare
1149 2507 1288 2566 quieta:
1320 2506 1502 2552 civitatis
1514 2503 1613 2568 sta·
