1701 3008
227 255 306 303 ΙΝ
343 253 510 302 LOC.
554 251 691 298 LI‘B.
731 249 846 297 XX·
894 250 1027 295 LIV.
1218 263 1320 323 325

23 363 259 416 reliquorum
283 359 405 402 Italiae
430 358 663 410 populorum
689 357 776 397 fuit.
806 354 1094 407 Etiameeneti
1116 367 1161 394 ac
1186 355 1312 395 Ceno.

25 427 131 467 mani
157 424 300 465 auxilia
326 423 517 462 dederunt
542 420 751 466 Romanis,
776 418 981 458 hominum
1011 416 1132 457 millia
1154 417 1330 468 viginti„

24 490 94 540 qui
119 486 206 539 juffi
230 486 317 526 sunt
338 485 524 525 finitimos
553 484 667 533 BoJos
695 489 800 521 metu
822 483 856 521 Sc
882 480 1053 526 damnis,
1078 480 1129 519 ad
1148 481 1316 531 patriam

27 550 214 590 tuendam
243 561 406 600 cogere,
433 560 483 587 ne
510 559 598 585 cum
629 546 765 585 ceteris
788 543 952 583 hostium
979 542 1101 593 copiis
1125 543 1315 595 conjtmgi

25 611 202 663 poffent:
235 611 388 662 quando
405 623 426 650 a
450 609 617 649 bellandi
637 607 796 648 consilio
820 606 1021 658 legationis
1045 606 1227 647 Romanae
1243 607 1317 646 stu„

29 675 106 716 diis
135 676 288 715 avocari
315 665 579 725 nequiverants
611 672 769 713 Venetis
799 673 906 710 enimv
934 673 970 710 &
997 671 1231 720 Cenomanis
1266 670 1317 711 ad

25 735 308 776 instaurandam
338 748 425 775 cum
460 733 620 786 populo*
643 733 819 773 Romano
861 733 1069 771 amicitiam
1104 731 1327 784 persuasis,

0 821 4 830 ·-
28 797 206 838 Insubres
238 798 398 848 Bojique
422 799 465 836 in
493 795 619 836 hostili
647 796 782 834 animo⁴
806 795 1075 846 propositoque
1106 794 1335 845 perstitere„

30 860 196 901 Minutae
214 869 343 900 tamen
358 860 457 899 vires
472 866 606 898 eorum
626 856 804 902 fuerunt,
819 870 897 897 non
914 857 1008 896 ausis
1025 870 1182 895 omnem
1198 869 1319 895 arma-

28 930 156 961 torum
185 921 473 961 multitudinem
503 922 668 961 educere
699 920 881 971 regibus,
920 920 1136 970 coactisque
1162 926 1315 970 partem

28 985 242 1033 juventutis
266 983 314 1022 ad
341 982 435 1023 fines
464 981 730 1022 defendendos
760 981 987 1031 relinquere.

85 1046 281 1088 XXXVI.
313 1046 370 1085 Ita
396 1044 552 1095 reliquis
570 1056 660 1083 cum
677 1043 796 1093 copiis
814 1042 1019 1094 (peditum
1041 1041 1322 1091 quinquaginta

31 1108 152 1149 millia
167 1141 179 1159 ‚
201 1110 376 1159 equitum
404 1108 540 1159 viginti
572 1106 908 1153 numerabantur)
929 1105 1002 1144 -iter
1032 1117 1099 1155 per
1128 1105 1321 1144 Etruriam

31 1180 180 1212 tentare
205 1178 414 1223 coeperunt.
450 1170 578 1211 Intera
601 1169 640 1209 L.
657 1168 831 1208 AEmilius
858 1168 910 1218 Q.
935 1166 977 1207 F.
997 1167 1067 1207 Cn.
1093 1167 1142 1207 N.
1171 1167 1320 1216 Papus,

34 1235 76 1273 C.
107 1233 243 1273 Atilius
277 1233 333 1274 Μ.
360 1232 401 1273 F.
430 1232 486 1272 M.
510 1232 559 1271 N.
590 1229 764 1270 consules
791 1230 1006 1270 Sardiniam
1036 1230 1071 1268 ἃ
1105 1228 1330 1269 Ariminum

35 1308 125 1334 cum
155 1294 278 1334 vicina
314 1293 436 1334 Gallia
471 1292 689 1344 provincias
719 1291 936 1330 obtinuere.
971 1289 1076 1330 Sardi
1103 1289 1206 1328 enim
1235 1303 1324 1340 gra-

33 1360 112 1397 vati
128 1364 353 1408 perpetuam
375 1355 540 1396 Romani
563 1355 734 1405 praetoris
751 1351 984 1404 praesentiam
1000 1383 1011 1400 ,
1034 1350 1228 1401 fascesque
1244 1364 1326 1391 non

36 1429 130 1460 ante
158 1418 407 1470 conspectos,
438 1419 576 1458 iterum
604 1416 832 1457 tumultuati
863 1412 1017 1455 fuerant
1040 1429 1048 1455 :
1084 1414 1149 1455 sed
1179 1414 1250 1454 hos
1277 1414 1322 1454 C.

23 1483 176 1533 *Atilius
193 1482 324 1522 consul
350 1481 454 1522 haud
480 1487 620 1534 magno
649 1480 804 1531 negotio
832 1479 1014 1518 coercuit.
1050 1478 1179 1527 Major
1202 1476 1332 1517 moles.

34 1545 77 1587 L.
104 1545 261 1586 AEmilio
288 1557 376 1584 cum
398 1544 516 1584 Gallis
542 1544 617 1583 fuit
640 1558 649 1584 :
677 1549 857 1593 perrupta
881 1540 1029 1582 Etruria
1051 1540 1218 1586 Romam
1238 1548 1324 1579 ten·-

35 1606 228 1648 dentibus.
273 1607 345 1647 Eos
375 1614 540 1657 praetor,
575 1606 638 1644 cui
662 1604 806 1644 Etruria
838 1602 1034 1653 provincia
1064 1602 1216 1641 decreta
1241 1602 1326 1641 fue-

34 1675 119 1716 rat,
153 1680 242 1706 cum
273 1679 401 1706 arcere
433 1666 588 1706 transitu
620 1663 873 1716 nequivisset,
904 1663 1005 1702 circa
1033 1662 1203 1702 Clufium
1231 1674 1335 1702 con...

34 1728 212 1776 secutus,
242 1727 428 1779 praecipiti
461 1727 500 1765 in
525 1725 704 1765 occasum
739 1724 827 1771 die,
858 1723 974 1762 castra
1006 1735 1084 1761 non
1110 1721 1248 1772 procul
1271 1720 1320 1761 ab

35 1790 238 1830 hostilibus
271 1790 407 1841 posuit.
445 1789 567 1837 Galli,
589 1802 665 1839 quo
694 1787 891 1828 Romanos
921 1786 971 1825 ad
1001 1797 1175 1836 pugnam
1198 1783 1322 1823 elice-

36 1861 144 1900 rent,
164 1852 351 1892 meditato
376 1851 468 1892 dolo
484 1882 495 1900 ,
515 1864 604 1890 cum
630 1851 738 1890 omni
764 1849 937 1901 peditatu
962 1848 1011 1888 ad
1040 1847 1231 1898 oppidum
1245 1846 1345 1886 Fae-

36 1915 135 1956 sulas
160 1917 347 1955 nocturno
374 1915 508 1954 itinere
538 1914 793 1966 perveniunt:
820 1911 960 1951 relictis
991 1903 1213 1960 equitibus,
1244 1911 1344 1959 qui-v

39 1977 111 2019 bus
141 1979 370 2028 imperatum
395 1977 545 2023 fuerat,
575 1984 618 2016 ut
647 1985 732 2014 orto
763 1975 823 2014 die
853 1971 1147 2022 conspiciendos
1174 1969 1213 2010 se
1241 1977 1327 2009 tan·

38 2046 122 2078 tum
156 2038 368 2090 praeberent
394 2037 591 2086 hostibus,
621 2037 761 2076 deinde
790 2035 911 2074 statim
940 2035 988 2073 ad
1015 2033 1164 2084 pedites
1195 2031 1234 2071 se
1267 2044 1325 2071 re-

41 2102 204 2150 ferrent,
229 2101 345 2140 castra
365 2101 413 2140 ad
429 2100 692 2151 recipiendum
718 2099 954 2149 equitatum,
970 2095 1169 2148 hostesque
1189 2107 1240 2135 ex
1254 2094 1327 2135 im-

40 2164 192 2216 proviso
230 2165 441 2204 turbandos
468 2171 560 2214 apto
592 2163 678 2202 loco
712 2161 923 2203 habituros.

94 2228 302 2269 XXXVII.
331 2228 381 2268 Ea
413 2227 515 2266 fraus
543 2227 730 2267 Romanis
751 2223 962 2274 imposuit,
986 2231 1030 2262 ut
1055 2221 1156 2272 quasi
1183 2220 1333 2271 fugien-

41 2298 98 2328 tes
131 2290 243 2329 avide
271 2289 531 2340 sequerentur.
575 2288 631 2328 Ita
667 2290 766 2327 circa
801 2286 961 2327 Faesulas
990 2299 1012 2325 a
1046 2284 1263 2324 recentibus
1293 2286 1330 2324 ἃ·

43 2351 182 2400 paratis
205 2351 356 2401 excepti
387 2350 499 2399 sunt,
527 2349 607 2389 fessi
637 2349 769 2397 cursu,
793 2352 828 2390 δε
854 2348 1009 2388 confilio
1025 2379 1038 2396 ‚
1064 2356 1107 2387 ut
1128 2348 1169 2387 in
1194 2360 1234 2387 re
1258 2359 1330 2386 nec

44 2412 223 2464 opinata,
249 2413 430 2453 destituti.
473 2412 590 2464 Quod
614 2425 735 2452 unum
759 2410 974 2463 supererat,
997 2410 1211 2462 pugnando
1234 2409 1334 2448 tueri

96 2548 117 2586 ,Ε
145 2546 285 2580 XXYV.
316 2547 418 2581 Diod.
447 2549 470 2581 1.
495 2559 549 2589 25.
571 2548 672 2581 Oros.
693 2560 732 2589 4,
759 2558 808 2589 13.
833 2546 951 2592 Polyb.
971 2559 1010 2588 2,
1029 2557 1086 2582 22.
1110 2544 1276 2580 Strabol.

46 2592 71 2638 5
96 2591 254 2628 XXXVL
282 2592 405 2627 zonat.
425 2592 544 2636 Polyb.
561 2593 607 2636 6,
630 2604 677 2635 2,
702 2603 741 2638 23
766 2592 875 2635 &²5·
962 2636 1011 2683 X
1047 2651 1070 2696 Ξ
